datetime,bid,ask,open_interest,volume
2023-12-20 09:30:01,39,51,111,111
2023-12-20 09:30:01,39,55,111,111
2023-12-20 09:30:09,39,54,111,111
2023-12-20 09:30:58,24,54,111,111
2023-12-20 09:31:00,45,54,111,111
2023-12-20 09:31:00,45,51,111,111
2023-12-20 09:31:00,47,51,111,111
2023-12-20 09:31:00,47,50,111,111
2023-12-20 09:31:01,47,51,111,111
2023-12-20 09:31:01,47,50,111,111
2023-12-20 09:31:02,48,50,111,111
2023-12-20 09:31:06,47,50,111,111
2023-12-20 09:31:11,48,50,111,111
2023-12-20 09:31:13,48,51,111,111
2023-12-20 09:31:13,48,50,111,111
2023-12-20 09:31:22,47,50,111,111
2023-12-20 09:31:25,48,50,111,111
2023-12-20 09:31:27,47,50,111,111
2023-12-20 09:31:29,47,49,111,111
2023-12-20 09:31:32,48,49,111,111
2023-12-20 09:31:33,47,49,111,111
2023-12-20 09:31:34,47,50,259,259
2023-12-20 09:31:34,47,49,259,259
2023-12-20 09:31:36,48,49,259,259
2023-12-20 09:31:40,48,50,441,441
2023-12-20 09:31:55,48,51,791,791
2023-12-20 09:31:55,48,50,791,791
2023-12-20 09:31:55,49,50,791,791
2023-12-20 09:32:03,48,50,791,791
2023-12-20 09:32:04,49,50,791,791
2023-12-20 09:32:05,48,50,791,791
2023-12-20 09:32:09,49,50,791,791
2023-12-20 09:32:10,48,50,791,791
2023-12-20 09:32:12,48,49,791,791
2023-12-20 09:32:15,48,50,924,924
2023-12-20 09:32:15,48,49,924,924
2023-12-20 09:32:16,48,50,924,924
2023-12-20 09:32:18,48,49,924,924
2023-12-20 09:32:21,48,50,1064,1064
2023-12-20 09:32:29,48,49,1064,1064
2023-12-20 09:32:30,48,51,1415,1415
2023-12-20 09:32:30,48,50,1415,1415
2023-12-20 09:32:33,49,50,1415,1415
2023-12-20 09:32:35,48,50,1415,1415
2023-12-20 09:32:36,49,50,1415,1415
2023-12-20 09:32:36,49,51,1415,1415
2023-12-20 09:32:37,48,51,1415,1415
2023-12-20 09:32:37,48,50,1415,1415
2023-12-20 09:32:40,48,51,1415,1415
2023-12-20 09:32:40,48,50,1415,1415
2023-12-20 09:32:41,49,50,1415,1415
2023-12-20 09:32:42,48,50,1415,1415
2023-12-20 09:32:45,49,50,1415,1415
2023-12-20 09:32:49,49,51,1415,1415
2023-12-20 09:32:49,49,50,1415,1415
2023-12-20 09:32:53,49,51,1564,1564
2023-12-20 09:32:53,49,50,1564,1564
2023-12-20 09:32:57,49,51,1564,1564
2023-12-20 09:32:57,49,50,1564,1564
2023-12-20 09:33:04,49,51,1686,1686
2023-12-20 09:33:06,49,50,1686,1686
2023-12-20 09:34:04,49,52,1686,1736
2023-12-20 09:34:04,49,51,1686,1736
2023-12-20 09:34:18,50,51,1686,1736
2023-12-20 09:34:36,50,52,1874,1924
2023-12-20 09:34:36,50,51,1874,1924
2023-12-20 09:34:38,50,52,1874,1924
2023-12-20 09:34:39,50,51,1874,1924
2023-12-20 09:34:44,51,52,1874,2100
2023-12-20 09:34:45,50,52,1874,2100
2023-12-20 09:34:46,50,51,1874,2100
2023-12-20 09:34:48,50,52,1874,2100
2023-12-20 09:34:49,50,51,1874,2100
2023-12-20 09:34:51,50,52,1874,2100
2023-12-20 09:34:51,50,51,1874,2100
2023-12-20 09:34:58,50,52,1874,2100
2023-12-20 09:35:00,50,51,1874,2100
2023-12-20 09:35:03,50,52,2066,2292
2023-12-20 09:35:04,51,52,2066,2292
2023-12-20 09:35:07,50,52,2066,2292
2023-12-20 09:35:11,51,52,2066,2292
2023-12-20 09:35:15,50,52,2066,2292
2023-12-20 09:35:20,51,52,2066,2292
2023-12-20 09:35:23,50,52,2066,2292
2023-12-20 09:35:23,51,52,2066,2292
2023-12-20 09:35:24,50,52,2066,2292
2023-12-20 09:35:25,51,52,2066,2292
2023-12-20 09:35:32,50,52,2066,2292
2023-12-20 09:35:33,51,52,2066,2292
2023-12-20 09:35:34,50,52,2066,2292
2023-12-20 09:35:34,50,51,2066,2292
2023-12-20 09:35:35,50,52,2066,2292
2023-12-20 09:35:36,50,51,2066,2292
2023-12-20 09:35:36,50,52,2066,2292
2023-12-20 09:35:37,51,52,2066,2292
2023-12-20 09:35:41,50,52,2066,2292
2023-12-20 09:35:42,51,52,2066,2292
2023-12-20 09:35:46,50,52,2066,2292
2023-12-20 09:35:49,51,52,2066,2292
2023-12-20 09:35:50,51,53,2066,2292
2023-12-20 09:35:54,50,53,2066,2292
2023-12-20 09:35:57,51,53,2066,2292
2023-12-20 09:35:58,50,53,2066,2292
2023-12-20 09:36:01,51,53,2066,2292
2023-12-20 09:36:04,50,53,2066,2292
2023-12-20 09:36:06,51,53,2066,2292
2023-12-20 09:36:07,50,53,2066,2292
2023-12-20 09:36:08,51,53,2066,2292
2023-12-20 09:36:30,51,54,2066,2292
2023-12-20 09:36:50,52,54,2066,2292
2023-12-20 09:39:53,53,54,2066,2292
2023-12-20 09:40:07,52,54,2066,2492
2023-12-20 09:40:07,52,53,2066,2492
2023-12-20 09:40:24,53,54,2232,2682
2023-12-20 09:40:24,52,54,2242,2692
2023-12-20 09:40:24,52,53,2242,2692
2023-12-20 09:40:31,52,54,2242,2692
2023-12-20 09:40:31,52,53,2242,2692
2023-12-20 09:40:36,52,54,2242,2692
2023-12-20 09:40:36,52,53,2242,2692
2023-12-20 09:41:41,52,54,2242,2692
2023-12-20 09:41:41,52,53,2242,2692
2023-12-20 09:41:48,53,54,2352,2802
2023-12-20 09:41:49,52,54,2352,2802
2023-12-20 09:41:49,52,53,2352,2802
2023-12-20 09:41:50,53,54,2480,2930
2023-12-20 09:41:51,52,54,2480,2930
2023-12-20 09:43:27,53,54,2480,2930
2023-12-20 09:43:29,52,54,2480,2930
2023-12-20 09:43:31,53,54,2480,2930
2023-12-20 09:43:32,52,54,2480,2930
2023-12-20 09:43:33,53,54,2480,2930
2023-12-20 09:43:40,52,54,2480,2930
2023-12-20 09:43:41,53,54,2480,2930
2023-12-20 09:44:39,52,54,2480,2930
2023-12-20 09:44:39,53,54,2480,2930
2023-12-20 09:44:41,52,54,2480,2930
2023-12-20 09:44:41,53,54,2480,2930
2023-12-20 09:44:42,52,54,2480,2930
2023-12-20 09:44:43,53,54,2480,2930
2023-12-20 09:44:44,52,54,2480,2930
2023-12-20 09:44:58,53,54,2480,2930
2023-12-20 09:45:17,52,54,2480,2930
2023-12-20 09:45:17,53,54,2480,2930
2023-12-20 09:45:25,52,54,2480,2930
2023-12-20 09:45:25,53,54,2480,2930
2023-12-20 09:45:50,53,55,2480,2930
2023-12-20 09:47:16,54,55,2480,2930
2023-12-20 09:47:18,53,55,2480,2930
2023-12-20 09:48:40,54,55,2480,2930
2023-12-20 09:48:43,53,55,2480,2930
2023-12-20 09:48:55,54,55,2480,2930
2023-12-20 09:50:03,54,56,3066,3930
2023-12-20 09:50:25,54,55,3066,3930
2023-12-20 09:51:03,54,56,4066,4930
2023-12-20 09:52:02,55,56,4066,4930
2023-12-20 09:52:02,55,56,4066,5230
2023-12-20 09:52:17,55,57,4066,5230
2023-12-20 09:52:18,54,57,4066,5430
2023-12-20 09:52:29,56,57,4066,5430
2023-12-20 09:52:29,54,57,4166,5530
2023-12-20 09:52:38,54,56,4166,5530
2023-12-20 09:52:47,54,57,4166,5530
2023-12-20 09:52:49,55,57,4166,5530
2023-12-20 09:54:47,55,58,5166,6530
2023-12-20 09:54:47,56,58,5166,6530
2023-12-20 09:55:41,56,58,5166,6590
2023-12-20 09:55:44,56,58,5166,6650
2023-12-20 09:55:48,56,58,6166,7650
2023-12-20 09:55:49,56,59,6166,7650
2023-12-20 09:55:53,56,59,6166,7690
2023-12-20 09:55:54,56,58,6166,7690
2023-12-20 09:56:21,57,58,6166,7690
2023-12-20 09:56:21,57,58,6166,7750
2023-12-20 09:56:23,56,58,6166,7750
2023-12-20 09:56:30,57,58,6166,7750
2023-12-20 09:56:36,57,58,5916,8000
2023-12-20 09:56:37,56,58,5752,8164
2023-12-20 09:59:02,56,57,5752,8164
2023-12-20 10:00:04,55,57,5752,8164
2023-12-20 10:00:09,55,57,5752,8284
2023-12-20 10:00:12,55,57,5752,8404
2023-12-20 10:00:14,55,57,5752,8464
2023-12-20 10:00:16,55,57,5752,8524
2023-12-20 10:00:19,55,57,5752,8584
2023-12-20 10:00:21,55,57,5752,8784
2023-12-20 10:00:21,54,57,5752,8844
2023-12-20 10:00:32,54,56,5752,8844
2023-12-20 10:00:33,54,55,5752,8844
2023-12-20 10:00:34,53,55,5752,8844
2023-12-20 10:00:49,54,55,5752,8844
2023-12-20 10:00:49,54,55,5752,8854
2023-12-20 10:01:49,53,55,5752,8854
2023-12-20 10:01:54,54,55,5752,8854
2023-12-20 10:01:56,53,55,5752,8854
2023-12-20 10:02:14,53,55,5152,9854
2023-12-20 10:02:14,52,55,5152,9854
2023-12-20 10:02:17,53,55,5152,9854
2023-12-20 10:02:34,53,54,5152,9854
2023-12-20 10:02:45,54,55,5152,9859
2023-12-20 10:03:52,53,55,5152,9859
2023-12-20 10:04:05,54,55,5152,9859
2023-12-20 10:04:07,53,55,5152,9859
2023-12-20 10:04:08,53,54,5152,9859
2023-12-20 10:05:19,52,54,5152,9859
2023-12-20 10:05:19,52,55,5152,9859
2023-12-20 10:05:19,52,53,5152,9859
2023-12-20 10:05:21,52,53,4952,10059
2023-12-20 10:05:24,52,55,4952,10059
2023-12-20 10:05:24,52,54,4952,10059
2023-12-20 10:05:25,53,54,4952,10059
2023-12-20 10:05:26,52,54,4952,10059
2023-12-20 10:05:27,52,55,4952,10059
2023-12-20 10:05:27,52,53,4952,10059
2023-12-20 10:05:34,52,55,4752,10259
2023-12-20 10:05:40,53,55,4752,10259
2023-12-20 10:05:41,52,55,4752,10259
2023-12-20 10:05:56,52,54,4752,10259
2023-12-20 10:06:07,52,53,4752,10259
2023-12-20 10:06:14,51,53,4752,10259
2023-12-20 10:06:25,51,54,4752,10259
2023-12-20 10:06:33,51,53,4752,10259
2023-12-20 10:06:57,51,53,4752,10319
2023-12-20 10:06:58,50,53,4752,10319
2023-12-20 10:06:59,50,52,4812,10379
2023-12-20 10:07:06,50,51,4812,10379
2023-12-20 10:07:08,50,52,4812,10379
2023-12-20 10:07:15,50,51,4812,10379
2023-12-20 10:07:17,50,52,4812,10379
2023-12-20 10:07:40,50,53,4812,10379
2023-12-20 10:07:41,51,53,4812,10379
2023-12-20 10:08:00,51,52,4812,10379
2023-12-20 10:08:11,50,52,4812,10379
2023-12-20 10:08:26,51,52,4812,10379
2023-12-20 10:09:29,51,52,4812,10385
2023-12-20 10:09:30,52,53,4768,10429
2023-12-20 10:09:33,52,54,4768,10429
2023-12-20 10:09:34,52,53,4768,10429
2023-12-20 10:09:42,52,54,4768,10429
2023-12-20 10:09:44,53,54,4768,10429
2023-12-20 10:09:45,52,54,4768,10429
2023-12-20 10:09:45,53,54,4768,10429
2023-12-20 10:09:53,53,55,4768,10429
2023-12-20 10:09:53,53,55,4708,10489
2023-12-20 10:09:53,52,55,4708,10489
2023-12-20 10:09:54,52,54,4708,10489
2023-12-20 10:09:57,52,53,4708,10489
2023-12-20 10:09:57,51,53,4708,10489
2023-12-20 10:09:58,50,53,4708,10489
2023-12-20 10:10:14,51,53,4708,10489
2023-12-20 10:10:31,51,54,4708,10489
2023-12-20 10:10:31,52,54,4708,10489
2023-12-20 10:10:41,52,55,4708,10489
2023-12-20 10:10:42,52,54,4708,10489
2023-12-20 10:10:51,52,55,4708,10489
2023-12-20 10:11:10,53,55,4708,10489
2023-12-20 10:11:11,52,55,4708,10489
2023-12-20 10:11:12,52,55,4715,10496
2023-12-20 10:11:13,53,55,4715,10496
2023-12-20 10:11:15,52,55,4715,10496
2023-12-20 10:11:24,52,54,4715,10496
2023-12-20 10:11:25,52,55,4715,10496
2023-12-20 10:11:55,52,54,4715,10496
2023-12-20 10:12:17,52,55,4715,10496
2023-12-20 10:12:51,52,54,4715,10496
2023-12-20 10:12:57,51,54,4715,10496
2023-12-20 10:12:58,52,54,4715,10496
2023-12-20 10:12:59,52,55,4715,10496
2023-12-20 10:13:05,53,55,4715,10496
2023-12-20 10:13:07,52,55,4715,10496
2023-12-20 10:13:30,53,55,4715,10496
2023-12-20 10:13:41,52,55,4715,10496
2023-12-20 10:13:44,53,55,4715,10496
2023-12-20 10:13:54,52,55,4715,10496
2023-12-20 10:14:13,52,54,4715,10496
2023-12-20 10:14:14,51,54,4715,10496
2023-12-20 10:14:17,52,54,4715,10496
2023-12-20 10:14:18,51,54,4715,10496
2023-12-20 10:14:19,52,54,4715,10496
2023-12-20 10:14:20,51,54,4715,10496
2023-12-20 10:14:26,52,54,4715,10496
2023-12-20 10:14:27,51,54,4715,10496
2023-12-20 10:14:28,52,54,4715,10496
2023-12-20 10:14:33,51,54,4715,10496
2023-12-20 10:14:52,52,54,4715,10496
2023-12-20 10:15:00,52,55,4715,10496
2023-12-20 10:15:23,52,54,4715,10496
2023-12-20 10:15:26,51,54,4715,10496
2023-12-20 10:15:34,52,54,4715,10496
2023-12-20 10:15:36,51,54,4715,10496
2023-12-20 10:15:40,52,54,4715,10496
2023-12-20 10:15:42,51,54,4715,10496
2023-12-20 10:16:02,51,53,4715,10496
2023-12-20 10:16:03,50,53,4715,10496
2023-12-20 10:16:06,51,53,4715,10496
2023-12-20 10:16:07,51,54,4715,10496
2023-12-20 10:16:08,51,53,4715,10496
2023-12-20 10:16:25,51,54,4715,10496
2023-12-20 10:16:26,51,53,4715,10496
2023-12-20 10:16:44,51,54,4715,10496
2023-12-20 10:16:45,51,53,4715,10496
2023-12-20 10:16:51,51,54,4715,10496
2023-12-20 10:16:52,51,53,4715,10496
2023-12-20 10:16:53,51,54,4715,10496
2023-12-20 10:16:54,51,53,4715,10496
2023-12-20 10:16:55,50,53,4715,10496
2023-12-20 10:16:58,51,53,4715,10496
2023-12-20 10:16:59,50,53,4715,10496
2023-12-20 10:17:07,50,52,4715,10496
2023-12-20 10:17:32,50,53,4715,10496
2023-12-20 10:17:40,51,53,4715,10496
2023-12-20 10:17:45,51,54,4715,10496
2023-12-20 10:17:46,51,53,4715,10496
2023-12-20 10:17:48,51,54,4715,10496
2023-12-20 10:17:51,51,53,4715,10496
2023-12-20 10:17:52,51,54,4715,10496
2023-12-20 10:17:53,51,53,4715,10496
2023-12-20 10:17:54,51,54,4715,10496
2023-12-20 10:17:56,51,53,4715,10496
2023-12-20 10:18:08,52,53,4715,10496
2023-12-20 10:18:09,51,53,4715,10496
2023-12-20 10:18:11,52,53,4715,10496
2023-12-20 10:18:14,51,53,4715,10496
2023-12-20 10:18:25,50,53,4715,10496
2023-12-20 10:18:25,51,53,4715,10496
2023-12-20 10:18:32,52,53,4715,10496
2023-12-20 10:18:32,52,54,4715,10496
2023-12-20 10:18:34,51,54,4715,10496
2023-12-20 10:18:36,51,53,4715,10496
2023-12-20 10:19:06,52,53,4715,10496
2023-12-20 10:19:09,51,53,4715,10496
2023-12-20 10:19:13,52,53,4715,10496
2023-12-20 10:19:15,51,53,4715,10496
2023-12-20 10:19:22,52,53,4715,10496
2023-12-20 10:20:15,51,53,4715,10496
2023-12-20 10:20:26,52,53,4715,10496
2023-12-20 10:20:28,51,53,4715,10496
2023-12-20 10:20:28,52,53,4715,10496
2023-12-20 10:20:46,51,53,4715,10496
2023-12-20 10:20:46,52,53,4715,10496
2023-12-20 10:20:52,51,53,4715,10496
2023-12-20 10:21:01,50,53,4715,10496
2023-12-20 10:21:02,51,53,4715,10496
2023-12-20 10:21:18,50,53,4715,10496
2023-12-20 10:21:35,50,52,4715,10496
2023-12-20 10:21:40,51,52,4715,10496
2023-12-20 10:21:49,50,52,4715,10496
2023-12-20 10:21:53,51,52,4715,10496
2023-12-20 10:21:56,50,52,4715,10496
2023-12-20 10:21:57,51,52,4715,10496
2023-12-20 10:21:58,50,52,4715,10496
2023-12-20 10:22:07,50,51,4715,10496
2023-12-20 10:22:07,50,51,4915,10696
2023-12-20 10:22:09,50,52,4915,10696
2023-12-20 10:22:10,51,52,4915,10696
2023-12-20 10:22:13,50,52,4915,10696
2023-12-20 10:22:15,51,52,4915,10696
2023-12-20 10:22:17,50,52,4915,10696
2023-12-20 10:22:19,51,52,4915,10696
2023-12-20 10:22:20,50,52,4915,10696
2023-12-20 10:22:23,51,52,4915,10696
2023-12-20 10:24:11,52,53,4915,10701
2023-12-20 10:24:29,51,53,4915,10701
2023-12-20 10:24:30,52,53,4915,10701
2023-12-20 10:24:41,51,53,4915,10701
2023-12-20 10:24:46,52,53,4915,10701
2023-12-20 10:24:51,51,53,4915,10701
2023-12-20 10:24:54,52,53,4915,10701
2023-12-20 10:25:10,51,53,4915,10701
2023-12-20 10:25:14,52,53,4915,10701
2023-12-20 10:25:17,51,53,4915,10701
2023-12-20 10:25:19,52,53,4915,10701
2023-12-20 10:25:20,51,53,4915,10701
2023-12-20 10:25:21,52,53,4915,10701
2023-12-20 10:25:39,51,53,4915,10701
2023-12-20 10:25:49,51,54,4915,10701
2023-12-20 10:25:49,51,52,4915,10701
2023-12-20 10:26:04,51,54,4915,10701
2023-12-20 10:26:04,51,53,4915,10701
2023-12-20 10:26:05,51,54,4915,10701
2023-12-20 10:26:05,51,52,4915,10701
2023-12-20 10:26:08,51,54,4915,10701
2023-12-20 10:26:08,51,53,4915,10701
2023-12-20 10:26:13,52,53,4915,10701
2023-12-20 10:26:14,51,53,4915,10701
2023-12-20 10:26:16,52,53,4915,10701
2023-12-20 10:26:20,52,55,4915,10701
2023-12-20 10:26:20,52,54,4915,10701
2023-12-20 10:26:20,53,54,4915,10701
2023-12-20 10:26:21,52,54,4915,10701
2023-12-20 10:26:22,52,55,4915,10701
2023-12-20 10:26:22,52,53,4915,10701
2023-12-20 10:26:36,52,55,4915,10701
2023-12-20 10:26:36,52,54,4915,10701
2023-12-20 10:26:47,52,55,4915,10701
2023-12-20 10:26:47,52,53,4915,10701
2023-12-20 10:26:49,52,55,4915,10701
2023-12-20 10:26:49,52,54,4915,10701
2023-12-20 10:26:50,52,55,4915,10701
2023-12-20 10:26:50,52,53,4915,10701
2023-12-20 10:27:17,51,53,4915,10701
2023-12-20 10:27:17,52,53,4915,10701
2023-12-20 10:27:22,51,53,4915,10701
2023-12-20 10:27:35,51,52,4915,10701
2023-12-20 10:27:38,51,53,4915,10701
2023-12-20 10:27:43,51,52,4915,10701
2023-12-20 10:27:46,51,53,4915,10701
2023-12-20 10:27:46,52,53,4915,10701
2023-12-20 10:28:17,52,53,4915,10901
2023-12-20 10:28:50,51,53,4915,10901
2023-12-20 10:28:50,52,53,4915,10901
2023-12-20 10:29:01,51,53,4915,10901
2023-12-20 10:29:01,52,53,4915,10901
2023-12-20 10:29:12,51,53,4915,10901
2023-12-20 10:29:12,52,53,4915,10901
2023-12-20 10:29:44,51,53,4915,10901
2023-12-20 10:29:44,52,53,4915,10901
2023-12-20 10:30:05,51,53,4915,10901
2023-12-20 10:30:05,52,53,4915,10901
2023-12-20 10:30:10,50,53,4915,10901
2023-12-20 10:30:10,50,52,4915,10901
2023-12-20 10:30:10,51,52,4915,10901
2023-12-20 10:30:11,50,52,4915,10901
2023-12-20 10:30:11,51,52,4915,10901
2023-12-20 10:30:12,50,52,4915,10901
2023-12-20 10:30:13,50,53,4915,10901
2023-12-20 10:30:13,50,52,4915,10901
2023-12-20 10:30:13,50,51,4915,10901
2023-12-20 10:30:14,49,51,4915,10901
2023-12-20 10:30:15,49,50,4915,10901
2023-12-20 10:30:19,49,51,4915,10901
2023-12-20 10:30:21,50,51,4915,10901
2023-12-20 10:30:25,50,52,4915,10901
2023-12-20 10:30:25,50,53,4915,10901
2023-12-20 10:30:25,50,52,4915,10901
2023-12-20 10:30:29,50,53,4915,10901
2023-12-20 10:30:29,50,52,4915,10901
2023-12-20 10:30:29,50,51,4915,10901
2023-12-20 10:30:34,49,51,4915,10901
2023-12-20 10:30:35,50,51,4915,10901
2023-12-20 10:30:43,49,51,4915,10901
2023-12-20 10:30:44,50,51,4915,10901
2023-12-20 10:30:46,49,51,4915,10901
2023-12-20 10:30:46,50,51,4915,10901
2023-12-20 10:30:50,49,51,4915,10901
2023-12-20 10:30:52,49,52,4915,10901
2023-12-20 10:30:52,49,50,4915,10901
2023-12-20 10:30:57,49,51,4915,10901
2023-12-20 10:30:57,49,52,4915,10901
2023-12-20 10:30:57,49,51,4915,10901
2023-12-20 10:31:00,49,52,4915,10901
2023-12-20 10:31:00,49,50,4915,10901
2023-12-20 10:31:01,49,52,4915,10901
2023-12-20 10:31:01,49,51,4915,10901
2023-12-20 10:31:07,49,52,4915,10901
2023-12-20 10:31:07,49,50,4915,10901
2023-12-20 10:31:24,48,50,4915,10901
2023-12-20 10:31:33,49,50,4915,10901
2023-12-20 10:31:41,48,50,4915,10901
2023-12-20 10:31:45,48,49,4915,10901
2023-12-20 10:31:45,47,49,4915,10901
2023-12-20 10:31:46,47,48,4915,10901
2023-12-20 10:31:50,47,49,4915,10901
2023-12-20 10:31:51,47,48,4915,10901
2023-12-20 10:31:53,46,48,4915,11101
2023-12-20 10:31:53,46,48,5115,11301
2023-12-20 10:31:55,45,48,5115,11301
2023-12-20 10:31:57,45,47,5115,11301
2023-12-20 10:32:01,46,47,5115,11301
2023-12-20 10:32:03,46,48,5115,11301
2023-12-20 10:32:03,45,48,5115,11301
2023-12-20 10:32:03,46,48,5115,11301
2023-12-20 10:32:07,46,47,5115,11301
2023-12-20 10:32:12,46,48,5115,11301
2023-12-20 10:32:13,47,48,5115,11301
2023-12-20 10:32:14,45,47,5115,11461
2023-12-20 10:32:14,46,47,5115,11461
2023-12-20 10:32:15,46,48,5115,11461
2023-12-20 10:32:25,46,47,5115,11461
2023-12-20 10:32:26,45,47,5115,11461
2023-12-20 10:32:34,45,48,5115,11461
2023-12-20 10:32:34,46,48,5115,11461
2023-12-20 10:32:35,46,47,5115,11461
2023-12-20 10:32:36,46,47,5115,11521
2023-12-20 10:32:37,45,47,5115,11521
2023-12-20 10:32:40,46,47,5115,11521
2023-12-20 10:32:45,45,47,4765,12021
2023-12-20 10:32:46,45,46,4765,12021
2023-12-20 10:32:48,44,45,4865,12320
2023-12-20 10:32:49,44,46,4865,12320
2023-12-20 10:32:49,45,46,4865,12320
2023-12-20 10:32:53,45,47,4865,12320
2023-12-20 10:33:01,46,47,4865,12320
2023-12-20 10:33:02,45,47,4865,12320
2023-12-20 10:33:18,46,47,4865,12320
2023-12-20 10:33:24,45,47,4865,12320
2023-12-20 10:33:25,46,47,4865,12320
2023-12-20 10:33:26,46,48,4865,12320
2023-12-20 10:33:31,45,48,4865,12320
2023-12-20 10:33:32,46,48,4865,12320
2023-12-20 10:33:34,45,48,4865,12320
2023-12-20 10:33:34,46,48,4865,12320
2023-12-20 10:33:39,45,48,4865,12320
2023-12-20 10:33:39,46,48,4865,12320
2023-12-20 10:33:42,47,48,4865,12320
2023-12-20 10:33:46,47,49,4865,12320
2023-12-20 10:33:57,46,49,4865,12320
2023-12-20 10:33:58,47,49,4865,12320
2023-12-20 10:34:00,48,49,4865,12320
2023-12-20 10:34:05,48,50,4865,12320
2023-12-20 10:34:09,47,50,4865,12320
2023-12-20 10:34:12,48,50,4865,12320
2023-12-20 10:34:14,47,50,4723,12820
2023-12-20 10:34:14,48,50,4723,12820
2023-12-20 10:34:23,48,49,4723,12820
2023-12-20 10:34:23,47,48,4723,12988
2023-12-20 10:34:39,46,48,4723,12988
2023-12-20 10:34:39,47,48,4723,12988
2023-12-20 10:35:20,46,48,4723,12988
2023-12-20 10:35:20,47,48,4723,12988
2023-12-20 10:35:40,46,48,4723,12988
2023-12-20 10:35:40,47,48,4723,12988
2023-12-20 10:35:57,46,48,4223,13988
2023-12-20 10:35:57,47,48,4223,13988
2023-12-20 10:36:06,46,48,4223,13988
2023-12-20 10:36:06,47,48,4223,13988
2023-12-20 10:36:29,47,49,4223,14047
2023-12-20 10:36:29,48,49,4223,14047
2023-12-20 10:36:30,48,50,4223,14047
2023-12-20 10:36:30,47,50,4223,14167
2023-12-20 10:36:30,48,50,4223,14167
2023-12-20 10:36:31,48,49,4223,14167
2023-12-20 10:36:48,47,49,4223,14167
2023-12-20 10:36:48,48,49,4223,14167
2023-12-20 10:37:01,47,49,4223,14167
2023-12-20 10:37:01,48,49,4223,14167
2023-12-20 10:37:07,48,50,4223,14167
2023-12-20 10:37:10,48,49,4223,14167
2023-12-20 10:37:15,46,49,4223,14167
2023-12-20 10:37:15,47,49,4223,14167
2023-12-20 10:37:20,47,48,4223,14167
2023-12-20 10:37:20,46,48,4223,14167
2023-12-20 10:37:21,45,48,4223,14167
2023-12-20 10:37:24,46,48,4223,14167
2023-12-20 10:37:25,45,48,4223,14167
2023-12-20 10:37:25,46,48,4223,14167
2023-12-20 10:37:30,46,49,4223,14167
2023-12-20 10:37:31,47,49,4223,14167
2023-12-20 10:37:39,45,49,4223,14167
2023-12-20 10:37:39,45,48,4223,14167
2023-12-20 10:37:39,47,48,4223,14167
2023-12-20 10:37:39,45,48,4223,14167
2023-12-20 10:37:39,47,48,4223,14167
2023-12-20 10:37:46,45,48,4223,14167
2023-12-20 10:37:46,47,48,4223,14167
2023-12-20 10:37:51,45,48,4223,14167
2023-12-20 10:37:51,47,48,4223,14167
2023-12-20 10:37:51,45,48,4223,14167
2023-12-20 10:37:51,47,48,4223,14167
2023-12-20 10:38:00,44,48,4223,14167
2023-12-20 10:38:00,45,48,4223,14167
2023-12-20 10:38:01,45,47,4223,14167
2023-12-20 10:38:02,45,48,4223,14167
2023-12-20 10:38:02,46,48,4223,14167
2023-12-20 10:38:07,45,48,4223,14167
2023-12-20 10:38:07,47,48,4223,14167
2023-12-20 10:38:07,45,48,4223,14167
2023-12-20 10:38:07,47,48,4223,14167
2023-12-20 10:38:08,47,49,4223,14167
2023-12-20 10:38:17,46,49,4223,14167
2023-12-20 10:38:18,47,49,4223,14167
2023-12-20 10:38:19,48,49,4223,14167
2023-12-20 10:38:21,48,50,4223,14167
2023-12-20 10:38:32,49,50,4223,14167
2023-12-20 10:38:42,49,51,4223,14167
2023-12-20 10:38:43,48,51,4223,14167
2023-12-20 10:38:43,49,51,4223,14167
2023-12-20 10:39:20,49,50,4223,14167
2023-12-20 10:39:21,49,51,4223,14167
2023-12-20 10:39:24,48,51,4223,14167
2023-12-20 10:39:24,50,51,4223,14167
2023-12-20 10:39:51,48,50,4223,14324
2023-12-20 10:39:51,49,50,4223,14324
2023-12-20 10:39:52,49,51,4223,14324
2023-12-20 10:39:54,49,50,4223,14324
2023-12-20 10:39:56,49,51,4223,14324
2023-12-20 10:40:03,50,51,4223,14324
2023-12-20 10:40:09,49,51,4223,14324
2023-12-20 10:40:12,50,51,4223,14324
2023-12-20 10:40:14,48,51,4223,14324
2023-12-20 10:40:14,49,51,4223,14324
2023-12-20 10:40:25,50,51,4223,14324
2023-12-20 10:40:29,49,51,4223,14324
2023-12-20 10:40:29,50,51,4223,14324
2023-12-20 10:40:47,49,51,4223,14324
2023-12-20 10:40:48,50,51,4223,14324
2023-12-20 10:41:08,48,51,4223,14324
2023-12-20 10:41:08,49,51,4223,14324
2023-12-20 10:41:13,48,51,4223,14324
2023-12-20 10:41:14,49,51,4223,14324
2023-12-20 10:41:16,50,51,4223,14324
2023-12-20 10:41:32,50,52,4223,14324
2023-12-20 10:41:35,50,53,4223,14324
2023-12-20 10:41:35,51,53,4223,14324
2023-12-20 10:41:50,52,53,4223,14324
2023-12-20 10:42:24,51,53,4223,14324
2023-12-20 10:42:24,52,53,4223,14324
2023-12-20 10:42:26,51,53,4223,14324
2023-12-20 10:42:26,52,53,4223,14324
2023-12-20 10:42:32,51,53,4223,14324
2023-12-20 10:42:32,52,53,4223,14324
2023-12-20 10:42:36,51,53,4223,14324
2023-12-20 10:42:36,52,53,4223,14324
2023-12-20 10:42:51,50,53,4223,14324
2023-12-20 10:42:51,50,52,4223,14324
2023-12-20 10:42:51,51,52,4223,14324
2023-12-20 10:43:01,49,52,4223,14324
2023-12-20 10:43:01,51,52,4223,14324
2023-12-20 10:43:01,49,52,4223,14324
2023-12-20 10:43:01,51,52,4223,14324
2023-12-20 10:43:07,49,52,4223,14324
2023-12-20 10:43:07,50,52,4223,14324
2023-12-20 10:43:09,49,52,4223,14324
2023-12-20 10:43:09,51,52,4223,14324
2023-12-20 10:43:14,48,51,4105,14442
2023-12-20 10:43:14,49,51,4105,14442
2023-12-20 10:43:20,48,51,4105,14442
2023-12-20 10:43:20,48,50,4105,14442
2023-12-20 10:43:35,49,50,4105,14442
2023-12-20 10:43:46,48,49,4105,14603
2023-12-20 10:44:09,48,50,4105,14603
2023-12-20 10:44:09,48,51,4105,14603
2023-12-20 10:44:09,48,50,4105,14603
2023-12-20 10:44:20,49,50,4105,14603
2023-12-20 10:44:21,48,50,4105,14603
2023-12-20 10:44:25,49,50,4105,14603
2023-12-20 10:44:25,49,50,4105,14683
2023-12-20 10:44:25,48,50,4105,14683
2023-12-20 10:44:28,48,49,4105,14683
2023-12-20 10:44:39,48,50,4105,14683
2023-12-20 10:44:54,48,51,4105,14683
2023-12-20 10:44:55,49,51,4105,14683
2023-12-20 10:44:55,49,50,4105,14683
2023-12-20 10:44:57,48,50,4105,14683
2023-12-20 10:45:04,49,50,4105,14683
2023-12-20 10:45:06,48,50,4105,14683
2023-12-20 10:45:12,48,49,4105,14683
2023-12-20 10:45:13,48,50,4105,14683
2023-12-20 10:45:13,48,51,4105,14683
2023-12-20 10:45:13,48,50,4105,14683
2023-12-20 10:45:13,48,51,4105,14683
2023-12-20 10:45:14,48,50,4105,14683
2023-12-20 10:45:16,48,51,4105,14683
2023-12-20 10:45:26,48,50,4105,14683
2023-12-20 10:45:38,48,49,4105,14683
2023-12-20 10:45:39,48,50,4105,14683
2023-12-20 10:45:40,48,49,4105,14683
2023-12-20 10:45:55,47,48,4107,14685
2023-12-20 10:45:57,47,49,4107,14685
2023-12-20 10:45:58,47,48,4107,14685
2023-12-20 10:45:59,47,49,4107,14685
2023-12-20 10:46:01,47,48,4107,14685
2023-12-20 10:46:02,47,49,4107,14685
2023-12-20 10:46:03,47,48,4107,14685
2023-12-20 10:46:04,46,48,4107,14685
2023-12-20 10:46:19,47,48,4107,14685
2023-12-20 10:46:21,45,48,4107,14685
2023-12-20 10:46:21,46,48,4107,14685
2023-12-20 10:46:24,45,48,4107,14685
2023-12-20 10:46:24,46,48,4107,14685
2023-12-20 10:46:35,47,48,4107,14685
2023-12-20 10:46:42,46,48,4107,14685
2023-12-20 10:46:44,47,48,4107,14685
2023-12-20 10:46:51,45,48,4107,14685
2023-12-20 10:46:51,46,48,4107,14685
2023-12-20 10:47:04,47,48,4107,14685
2023-12-20 10:47:11,47,50,4107,14685
2023-12-20 10:47:16,46,50,4107,14685
2023-12-20 10:47:16,46,49,4107,14685
2023-12-20 10:47:19,46,50,4107,14685
2023-12-20 10:47:19,47,50,4107,14685
2023-12-20 10:47:21,47,49,4107,14685
2023-12-20 10:47:34,47,50,4107,14685
2023-12-20 10:47:37,48,50,4107,14685
2023-12-20 10:47:55,48,51,4107,14685
2023-12-20 10:47:55,49,51,4107,14685
2023-12-20 10:48:03,48,51,4107,14685
2023-12-20 10:48:04,49,51,4107,14685
2023-12-20 10:48:06,48,51,4107,14685
2023-12-20 10:48:07,49,51,4107,14685
2023-12-20 10:48:08,49,52,4107,14685
2023-12-20 10:48:10,50,52,4107,14685
2023-12-20 10:48:19,49,53,4107,14685
2023-12-20 10:48:20,50,53,4107,14685
2023-12-20 10:48:24,51,53,4107,14685
2023-12-20 10:48:54,50,53,4107,14685
2023-12-20 10:48:54,52,53,4107,14685
2023-12-20 10:48:54,50,53,4107,14685
2023-12-20 10:48:54,52,53,4107,14685
2023-12-20 10:49:01,49,53,4107,14685
2023-12-20 10:49:01,49,52,4107,14685
2023-12-20 10:49:01,50,52,4107,14685
2023-12-20 10:49:08,49,52,4107,14685
2023-12-20 10:49:08,51,52,4107,14685
2023-12-20 10:49:10,49,52,4107,14685
2023-12-20 10:49:10,51,52,4107,14685
2023-12-20 10:49:21,49,52,4107,14685
2023-12-20 10:49:21,51,52,4107,14685
2023-12-20 10:49:32,49,52,4107,14685
2023-12-20 10:49:32,49,51,4107,14685
2023-12-20 10:49:32,50,51,4107,14685
2023-12-20 10:49:38,48,51,4107,14685
2023-12-20 10:49:38,49,51,4107,14685
2023-12-20 10:49:41,48,51,4107,14685
2023-12-20 10:49:41,50,51,4107,14685
2023-12-20 10:49:49,50,52,4107,14685
2023-12-20 10:49:58,48,52,4107,14685
2023-12-20 10:49:58,50,52,4107,14685
2023-12-20 10:50:11,50,51,4107,14685
2023-12-20 10:50:12,48,51,4107,14685
2023-12-20 10:50:12,49,51,4107,14685
2023-12-20 10:50:16,48,51,4107,14685
2023-12-20 10:50:17,48,50,4107,14685
2023-12-20 10:50:17,47,50,4107,14685
2023-12-20 10:50:23,48,50,4107,14685
2023-12-20 10:50:24,48,51,4107,14685
2023-12-20 10:50:27,48,50,4107,14685
2023-12-20 10:50:27,47,50,4107,14685
2023-12-20 10:50:27,48,50,4107,14685
2023-12-20 10:50:47,49,50,4107,14685
2023-12-20 10:50:57,47,50,4107,14685
2023-12-20 10:50:58,48,50,4107,14685
2023-12-20 10:51:05,48,49,4107,14685
2023-12-20 10:51:06,48,50,4107,14685
2023-12-20 10:51:07,48,49,4107,14685
2023-12-20 10:51:08,48,50,4107,14685
2023-12-20 10:51:37,47,50,4107,14685
2023-12-20 10:51:38,48,50,4107,14685
2023-12-20 10:51:40,47,50,4107,14685
2023-12-20 10:51:40,49,50,4107,14685
2023-12-20 10:51:40,47,50,4107,14685
2023-12-20 10:51:40,49,50,4107,14685
2023-12-20 10:51:59,46,50,4107,14685
2023-12-20 10:51:59,47,50,4107,14685
2023-12-20 10:52:04,48,50,4107,14685
2023-12-20 10:52:07,46,50,4107,14685
2023-12-20 10:52:07,48,50,4107,14685
2023-12-20 10:52:15,48,52,4107,14685
2023-12-20 10:52:15,48,51,4107,14685
2023-12-20 10:52:15,49,51,4107,14685
2023-12-20 10:52:29,50,51,4107,14685
2023-12-20 10:52:31,50,52,4107,14685
2023-12-20 10:52:35,50,53,4107,14685
2023-12-20 10:52:36,51,53,4107,14685
2023-12-20 10:52:38,50,53,4107,14685
2023-12-20 10:52:40,50,52,4107,14685
2023-12-20 10:52:41,50,53,4107,14685
2023-12-20 10:52:42,50,52,4107,14685
2023-12-20 10:52:43,50,53,4107,14685
2023-12-20 10:52:45,51,53,4107,14685
2023-12-20 10:52:56,51,52,4107,14685
2023-12-20 10:53:00,49,52,4107,14685
2023-12-20 10:53:00,50,52,4107,14685
2023-12-20 10:53:22,50,51,4107,14685
2023-12-20 10:53:25,49,51,4107,14685
2023-12-20 10:53:39,49,52,4107,14685
2023-12-20 10:53:39,50,52,4107,14685
2023-12-20 10:53:40,50,51,4107,14685
2023-12-20 10:53:42,50,52,4107,14685
2023-12-20 10:54:06,50,53,4107,14685
2023-12-20 10:54:06,51,53,4107,14685
2023-12-20 10:54:07,51,52,4107,14685
2023-12-20 10:54:11,49,52,4107,14685
2023-12-20 10:54:11,50,52,4107,14685
2023-12-20 10:54:30,50,53,4107,14685
2023-12-20 10:54:30,51,53,4107,14685
2023-12-20 10:54:43,52,53,4107,14685
2023-12-20 10:54:44,51,53,4107,14685
2023-12-20 10:54:44,52,53,4107,14685
2023-12-20 10:54:45,51,53,4107,14685
2023-12-20 10:54:45,52,53,4107,14685
2023-12-20 10:54:58,52,53,4107,14885
2023-12-20 10:54:58,52,53,4107,14945
2023-12-20 10:55:09,52,53,4107,15245
2023-12-20 10:55:16,51,53,4107,15245
2023-12-20 10:55:16,52,53,4107,15245
2023-12-20 10:55:26,50,53,4107,15245
2023-12-20 10:55:26,51,53,4107,15245
2023-12-20 10:55:51,50,53,4107,15245
2023-12-20 10:55:51,52,53,4107,15245
2023-12-20 10:55:58,50,53,4107,15245
2023-12-20 10:55:58,50,52,4107,15245
2023-12-20 10:55:58,51,52,4107,15245
2023-12-20 10:56:01,51,53,4107,15245
2023-12-20 10:56:02,51,52,4107,15245
2023-12-20 10:56:03,50,52,4107,15245
2023-12-20 10:56:03,51,52,4107,15245
2023-12-20 10:56:11,49,52,4107,15245
2023-12-20 10:56:11,50,52,4107,15245
2023-12-20 10:56:16,49,52,4107,15245
2023-12-20 10:56:16,50,52,4107,15245
2023-12-20 10:56:21,51,52,4107,15245
2023-12-20 10:56:22,51,53,4107,15245
2023-12-20 10:56:26,51,52,4107,15245
2023-12-20 10:56:28,51,53,4107,15245
2023-12-20 10:56:39,50,53,4107,15245
2023-12-20 10:56:39,52,53,4107,15245
2023-12-20 10:56:42,50,53,4107,15245
2023-12-20 10:56:42,51,53,4107,15245
2023-12-20 10:56:46,50,53,4107,15245
2023-12-20 10:56:46,52,53,4107,15245
2023-12-20 10:56:51,50,53,4107,15245
2023-12-20 10:56:52,51,53,4107,15245
2023-12-20 10:57:01,52,53,4107,15245
2023-12-20 10:57:14,51,53,4107,15245
2023-12-20 10:57:14,52,53,4107,15245
2023-12-20 10:57:19,50,53,4107,15245
2023-12-20 10:57:19,51,53,4107,15245
2023-12-20 10:57:32,50,53,4107,15245
2023-12-20 10:57:32,52,53,4107,15245
2023-12-20 10:57:38,50,53,4107,15245
2023-12-20 10:57:38,52,53,4107,15245
2023-12-20 10:57:38,50,53,4107,15245
2023-12-20 10:57:38,52,53,4107,15245
2023-12-20 10:57:40,50,53,4107,15245
2023-12-20 10:57:40,52,53,4107,15245
2023-12-20 10:57:40,50,53,4107,15245
2023-12-20 10:57:40,52,53,4107,15245
2023-12-20 10:57:42,50,53,4107,15245
2023-12-20 10:57:42,50,52,4107,15245
2023-12-20 10:57:42,51,52,4107,15245
2023-12-20 10:57:43,51,53,4107,15245
2023-12-20 10:57:45,52,53,4107,15245
2023-12-20 10:57:51,51,53,4107,15245
2023-12-20 10:57:52,50,53,4107,15245
2023-12-20 10:57:52,51,53,4107,15245
2023-12-20 10:57:56,50,53,4107,15245
2023-12-20 10:57:56,52,53,4107,15245
2023-12-20 10:57:56,50,53,4107,15245
2023-12-20 10:57:56,52,53,4107,15245
2023-12-20 10:57:59,50,53,4107,15245
2023-12-20 10:57:59,51,53,4107,15245
2023-12-20 10:58:04,50,53,4107,15245
2023-12-20 10:58:04,52,53,4107,15245
2023-12-20 10:58:09,50,53,4107,15245
2023-12-20 10:58:09,52,53,4107,15245
2023-12-20 10:58:09,50,53,4107,15245
2023-12-20 10:58:09,52,53,4107,15245
2023-12-20 10:58:14,50,53,4107,15245
2023-12-20 10:58:14,51,53,4107,15245
2023-12-20 10:58:15,51,52,4107,15245
2023-12-20 10:58:20,49,52,4107,15245
2023-12-20 10:58:20,50,52,4107,15245
2023-12-20 10:58:21,49,52,4107,15245
2023-12-20 10:58:23,49,51,4107,15245
2023-12-20 10:58:30,49,52,4107,15245
2023-12-20 10:58:30,50,52,4107,15245
2023-12-20 10:58:31,49,52,4107,15245
2023-12-20 10:58:31,50,52,4107,15245
2023-12-20 10:58:32,49,52,4107,15245
2023-12-20 10:58:32,50,52,4107,15245
2023-12-20 10:58:33,50,51,4107,15245
2023-12-20 10:58:50,50,52,4107,15245
2023-12-20 10:58:51,50,51,4107,15245
2023-12-20 10:58:57,48,51,4107,15245
2023-12-20 10:58:57,50,51,4107,15245
2023-12-20 10:59:11,48,51,4107,15245
2023-12-20 10:59:11,48,51,4107,15245
2023-12-20 10:59:11,50,51,4107,15245
2023-12-20 10:59:12,50,52,4107,15245
2023-12-20 10:59:38,48,52,4107,15245
2023-12-20 10:59:38,50,52,4107,15245
2023-12-20 11:00:02,50,53,4107,15245
2023-12-20 11:00:02,51,53,4107,15245
2023-12-20 11:00:03,51,52,4107,15245
2023-12-20 11:00:04,51,53,4107,15245
2023-12-20 11:00:06,50,53,4107,15245
2023-12-20 11:00:06,49,53,4107,15245
2023-12-20 11:00:06,49,52,4107,15245
2023-12-20 11:00:06,51,52,4107,15245
2023-12-20 11:00:06,49,52,4107,15245
2023-12-20 11:00:06,51,52,4107,15245
2023-12-20 11:00:08,49,52,4107,15245
2023-12-20 11:00:08,50,52,4107,15245
2023-12-20 11:00:10,48,52,4107,15245
2023-12-20 11:00:10,48,51,4107,15245
2023-12-20 11:00:10,49,51,4107,15245
2023-12-20 11:00:12,49,52,4107,15245
2023-12-20 11:00:13,50,52,4107,15245
2023-12-20 11:00:21,51,52,4107,15245
2023-12-20 11:00:25,49,52,4107,15245
2023-12-20 11:00:25,51,52,4107,15245
2023-12-20 11:00:26,49,52,4107,15245
2023-12-20 11:00:26,50,52,4107,15245
2023-12-20 11:00:30,49,52,4107,15245
2023-12-20 11:00:31,50,52,4107,15245
2023-12-20 11:00:32,49,52,4107,15245
2023-12-20 11:00:32,51,52,4107,15245
2023-12-20 11:00:52,51,53,4107,15245
2023-12-20 11:00:59,50,53,4107,15245
2023-12-20 11:00:59,51,53,4107,15245
2023-12-20 11:01:03,50,53,4107,15245
2023-12-20 11:01:04,51,53,4107,15245
2023-12-20 11:01:06,50,53,4107,15245
2023-12-20 11:01:06,51,53,4107,15245
2023-12-20 11:01:12,52,53,4107,15245
2023-12-20 11:01:34,50,53,4107,15245
2023-12-20 11:01:34,52,53,4107,15245
2023-12-20 11:01:36,50,53,4107,15245
2023-12-20 11:01:36,51,53,4107,15245
2023-12-20 11:01:41,50,53,4107,15245
2023-12-20 11:01:41,49,53,4107,15245
2023-12-20 11:01:41,51,53,4107,15245
2023-12-20 11:01:42,51,52,4107,15245
2023-12-20 11:01:43,49,52,4107,15245
2023-12-20 11:01:43,50,52,4107,15245
2023-12-20 11:01:46,49,52,4107,15245
2023-12-20 11:01:46,50,52,4107,15245
2023-12-20 11:02:19,50,51,4107,15245
2023-12-20 11:02:25,48,51,4107,15245
2023-12-20 11:02:25,49,51,4107,15245
2023-12-20 11:02:33,49,50,4107,15245
2023-12-20 11:02:35,49,51,4107,15245
2023-12-20 11:02:35,48,51,4107,15245
2023-12-20 11:02:35,49,51,4107,15245
2023-12-20 11:02:35,49,50,4107,15245
2023-12-20 11:02:35,49,51,4107,15245
2023-12-20 11:02:50,49,52,4107,15245
2023-12-20 11:02:50,49,51,4107,15245
2023-12-20 11:02:50,49,52,4107,15245
2023-12-20 11:02:50,49,51,4107,15245
2023-12-20 11:02:50,49,52,4107,15245
2023-12-20 11:02:50,49,51,4107,15245
2023-12-20 11:02:52,49,52,4107,15245
2023-12-20 11:02:57,49,51,4107,15245
2023-12-20 11:03:04,48,51,4107,15245
2023-12-20 11:03:04,49,51,4107,15245
2023-12-20 11:03:17,48,51,4107,15245
2023-12-20 11:03:18,49,51,4107,15245
2023-12-20 11:03:20,48,51,4107,15245
2023-12-20 11:03:21,49,51,4107,15245
2023-12-20 11:03:39,49,50,4107,15245
2023-12-20 11:03:39,47,50,4107,15245
2023-12-20 11:03:39,47,51,4107,15245
2023-12-20 11:03:39,49,51,4107,15245
2023-12-20 11:03:45,48,51,4107,15245
2023-12-20 11:03:45,50,51,4107,15245
2023-12-20 11:03:47,48,51,4107,15245
2023-12-20 11:03:47,50,51,4107,15245
2023-12-20 11:03:47,48,51,4107,15245
2023-12-20 11:03:47,50,51,4107,15245
2023-12-20 11:03:49,48,51,4107,15245
2023-12-20 11:03:50,49,51,4107,15245
2023-12-20 11:04:06,48,51,4107,15245
2023-12-20 11:04:06,50,51,4107,15245
2023-12-20 11:04:06,48,51,4107,15245
2023-12-20 11:04:06,50,51,4107,15245
2023-12-20 11:04:17,48,51,4107,15245
2023-12-20 11:04:17,50,51,4107,15245
2023-12-20 11:04:23,48,51,4107,15245
2023-12-20 11:04:24,49,51,4107,15245
2023-12-20 11:04:28,49,52,4107,15245
2023-12-20 11:04:28,50,52,4107,15245
2023-12-20 11:04:30,50,53,4107,15245
2023-12-20 11:04:30,50,52,4107,15245
2023-12-20 11:04:30,50,53,4107,15245
2023-12-20 11:04:30,50,52,4107,15245
2023-12-20 11:04:30,50,53,4107,15245
2023-12-20 11:04:30,50,52,4107,15245
2023-12-20 11:04:30,50,53,4107,15245
2023-12-20 11:04:30,50,52,4107,15245
2023-12-20 11:04:30,50,53,4107,15245
2023-12-20 11:04:30,50,52,4107,15245
2023-12-20 11:04:30,50,53,4107,15245
2023-12-20 11:04:30,50,52,4107,15245
2023-12-20 11:04:30,50,53,4107,15245
2023-12-20 11:04:30,50,52,4107,15245
2023-12-20 11:04:30,50,53,4107,15245
2023-12-20 11:04:30,50,52,4107,15245
2023-12-20 11:04:30,50,53,4107,15245
2023-12-20 11:04:30,50,52,4107,15245
2023-12-20 11:04:30,50,53,4107,15245
2023-12-20 11:04:30,50,52,4107,15245
2023-12-20 11:04:30,50,53,4107,15245
2023-12-20 11:04:30,50,52,4107,15245
2023-12-20 11:04:30,50,53,4107,15245
2023-12-20 11:04:30,50,52,4107,15245
2023-12-20 11:04:31,50,53,4107,15245
2023-12-20 11:04:31,50,52,4107,15245
2023-12-20 11:04:31,50,53,4107,15245
2023-12-20 11:04:31,50,52,4107,15245
2023-12-20 11:04:31,50,53,4107,15245
2023-12-20 11:04:31,50,52,4107,15245
2023-12-20 11:04:31,50,53,4107,15245
2023-12-20 11:04:45,51,53,4107,15245
2023-12-20 11:04:59,50,53,4107,15245
2023-12-20 11:05:00,51,53,4107,15245
2023-12-20 11:05:01,51,52,4107,15245
2023-12-20 11:05:02,49,52,4107,15245
2023-12-20 11:05:02,50,52,4107,15245
2023-12-20 11:05:03,49,52,4107,15245
2023-12-20 11:05:03,49,51,4107,15245
2023-12-20 11:05:03,49,52,4107,15245
2023-12-20 11:05:03,49,51,4107,15245
2023-12-20 11:05:03,49,52,4107,15245
2023-12-20 11:05:03,49,51,4107,15245
2023-12-20 11:05:03,49,52,4107,15245
2023-12-20 11:05:03,49,51,4107,15245
2023-12-20 11:05:03,49,52,4107,15245
2023-12-20 11:05:03,49,51,4107,15245
2023-12-20 11:05:05,49,52,4107,15245
2023-12-20 11:05:05,49,51,4107,15245
2023-12-20 11:05:05,50,51,4107,15245
2023-12-20 11:05:06,50,52,4107,15245
2023-12-20 11:05:09,49,52,4107,15245
2023-12-20 11:05:09,50,52,4107,15245
2023-12-20 11:05:14,49,52,4107,15245
2023-12-20 11:05:14,50,52,4107,15245
2023-12-20 11:05:21,51,52,4107,15245
2023-12-20 11:05:22,51,53,4107,15245
2023-12-20 11:05:22,51,52,4107,15245
2023-12-20 11:05:22,51,53,4107,15245
2023-12-20 11:05:25,51,52,4107,15245
2023-12-20 11:05:37,49,52,4107,15245
2023-12-20 11:05:37,51,52,4107,15245
2023-12-20 11:05:37,49,52,4107,15245
2023-12-20 11:05:37,51,52,4107,15245
2023-12-20 11:05:43,51,53,4107,15245
2023-12-20 11:05:59,52,53,4107,15245
2023-12-20 11:06:05,51,53,4107,15245
2023-12-20 11:06:05,52,53,4107,15245
2023-12-20 11:06:24,52,54,4107,15478
2023-12-20 11:06:24,53,54,4107,15478
2023-12-20 11:06:25,52,54,4107,15478
2023-12-20 11:06:25,53,54,4107,15478
2023-12-20 11:06:36,52,54,4107,15478
2023-12-20 11:06:36,53,54,4107,15478
2023-12-20 11:06:41,51,54,4107,15478
2023-12-20 11:06:41,51,53,4107,15478
2023-12-20 11:06:41,52,53,4107,15478
2023-12-20 11:06:47,50,53,4107,15478
2023-12-20 11:06:47,51,53,4107,15478
2023-12-20 11:06:49,51,52,4107,15478
2023-12-20 11:06:53,51,53,4107,15478
2023-12-20 11:06:54,51,52,4107,15478
2023-12-20 11:07:03,51,53,4107,15478
2023-12-20 11:07:08,52,53,4107,15478
2023-12-20 11:07:16,51,53,4107,15478
2023-12-20 11:07:16,52,53,4107,15478
2023-12-20 11:07:22,52,54,4107,15478
2023-12-20 11:07:22,52,55,4107,15478
2023-12-20 11:07:22,52,54,4107,15478
2023-12-20 11:07:23,52,55,4107,15478
2023-12-20 11:07:23,52,54,4107,15478
2023-12-20 11:07:23,52,53,4107,15478
2023-12-20 11:07:29,52,55,4107,15478
2023-12-20 11:07:29,52,54,4107,15478
2023-12-20 11:07:30,52,55,4107,15478
2023-12-20 11:07:30,52,54,4107,15478
2023-12-20 11:07:30,52,53,4107,15478
2023-12-20 11:07:35,50,53,4107,15478
2023-12-20 11:07:35,52,53,4107,15478
2023-12-20 11:07:45,51,53,4107,15478
2023-12-20 11:07:45,52,53,4107,15478
2023-12-20 11:08:16,50,53,4107,15478
2023-12-20 11:08:16,52,53,4107,15478
2023-12-20 11:08:19,50,53,4107,15478
2023-12-20 11:08:19,50,52,4107,15478
2023-12-20 11:08:19,51,52,4107,15478
2023-12-20 11:08:20,50,52,4107,15478
2023-12-20 11:08:20,51,52,4107,15478
2023-12-20 11:08:24,51,53,4107,15478
2023-12-20 11:08:26,51,52,4107,15478
2023-12-20 11:08:32,51,53,4107,15478
2023-12-20 11:08:46,52,53,4107,15478
2023-12-20 11:08:59,50,53,4107,15478
2023-12-20 11:08:59,51,53,4107,15478
2023-12-20 11:09:01,50,53,4107,15478
2023-12-20 11:09:01,52,53,4107,15478
2023-12-20 11:09:12,50,53,4107,15478
2023-12-20 11:09:12,52,53,4107,15478
2023-12-20 11:09:18,52,54,4107,15478
2023-12-20 11:09:20,53,54,4107,15478
2023-12-20 11:09:36,53,55,4107,15478
2023-12-20 11:09:43,53,56,4107,15478
2023-12-20 11:09:50,53,56,4107,15478
2023-12-20 11:09:51,54,56,4107,15478
2023-12-20 11:09:56,55,56,4107,15478
2023-12-20 11:10:53,52,56,4107,15478
2023-12-20 11:10:53,52,55,4107,15478
2023-12-20 11:10:53,53,55,4107,15478
2023-12-20 11:10:56,52,55,4107,15478
2023-12-20 11:10:57,53,55,4107,15478
2023-12-20 11:11:05,53,54,4107,15478
2023-12-20 11:11:05,52,54,4107,15478
2023-12-20 11:11:06,52,55,4107,15478
2023-12-20 11:11:06,53,55,4107,15478
2023-12-20 11:11:36,52,55,4107,15478
2023-12-20 11:11:36,54,55,4107,15478
2023-12-20 11:11:54,51,55,4107,15478
2023-12-20 11:11:54,51,54,4107,15478
2023-12-20 11:11:54,52,54,4107,15478
2023-12-20 11:12:12,52,53,4107,15478
2023-12-20 11:12:16,52,54,4107,15478
2023-12-20 11:12:16,52,53,4107,15478
2023-12-20 11:12:16,52,54,4107,15478
2023-12-20 11:12:16,52,53,4107,15478
2023-12-20 11:12:16,52,54,4107,15478
2023-12-20 11:12:16,52,53,4107,15478
2023-12-20 11:12:16,52,54,4107,15478
2023-12-20 11:12:22,52,54,4107,15478
2023-12-20 11:12:24,52,54,4107,15503
2023-12-20 11:12:45,52,55,4107,15503
2023-12-20 11:12:45,53,55,4107,15503
2023-12-20 11:12:56,52,55,4107,15503
2023-12-20 11:12:56,53,55,4107,15503
2023-12-20 11:12:58,54,55,4107,15503
2023-12-20 11:13:02,54,56,4107,15503
2023-12-20 11:13:18,55,56,4107,15503
2023-12-20 11:13:34,54,56,4107,15503
2023-12-20 11:13:36,55,56,4107,15503
2023-12-20 11:13:39,54,56,4107,15503
2023-12-20 11:13:39,55,56,4107,15503
2023-12-20 11:13:44,54,56,4107,15503
2023-12-20 11:13:45,55,56,4107,15503
2023-12-20 11:13:49,53,56,4107,15503
2023-12-20 11:13:49,54,56,4107,15503
2023-12-20 11:13:59,55,56,4107,15503
2023-12-20 11:14:13,53,56,4107,15503
2023-12-20 11:14:13,54,56,4107,15503
2023-12-20 11:14:16,53,56,4107,15503
2023-12-20 11:14:16,54,56,4107,15503
2023-12-20 11:14:18,54,55,4107,15503
2023-12-20 11:14:19,54,56,4107,15503
2023-12-20 11:14:25,55,56,4107,15503
2023-12-20 11:14:28,54,56,4107,15503
2023-12-20 11:14:29,55,56,4107,15503
2023-12-20 11:14:48,55,57,4107,15503
2023-12-20 11:15:02,54,57,4107,15503
2023-12-20 11:15:03,55,57,4107,15503
2023-12-20 11:15:05,56,57,4107,15503
2023-12-20 11:15:06,56,57,4107,15503
2023-12-20 11:15:13,54,57,4107,15503
2023-12-20 11:15:13,55,57,4107,15503
2023-12-20 11:15:17,56,57,4107,15503
2023-12-20 11:15:42,53,56,3912,15698
2023-12-20 11:15:42,54,56,3912,15698
2023-12-20 11:15:46,55,56,3912,15698
2023-12-20 11:15:47,55,57,3912,15698
2023-12-20 11:15:48,54,57,3912,15698
2023-12-20 11:15:49,55,57,3912,15698
2023-12-20 11:15:50,55,56,3912,15698
2023-12-20 11:15:52,53,56,3912,15698
2023-12-20 11:15:52,54,56,3912,15698
2023-12-20 11:15:55,53,56,3912,15698
2023-12-20 11:15:57,54,56,3912,15698
2023-12-20 11:15:59,52,56,3912,15698
2023-12-20 11:15:59,53,56,3912,15698
2023-12-20 11:16:00,54,56,3912,15698
2023-12-20 11:16:02,54,55,3912,15698
2023-12-20 11:16:02,52,55,3912,15698
2023-12-20 11:16:02,53,55,3912,15698
2023-12-20 11:16:04,52,55,3912,15698
2023-12-20 11:16:04,53,55,3912,15698
2023-12-20 11:16:05,52,55,3912,15698
2023-12-20 11:16:05,52,54,3912,15698
2023-12-20 11:16:06,52,55,3912,15698
2023-12-20 11:16:06,52,54,3912,15698
2023-12-20 11:16:09,53,54,3912,15698
2023-12-20 11:16:10,52,54,3912,15698
2023-12-20 11:16:10,53,54,3912,15698
2023-12-20 11:16:11,52,54,3912,15698
2023-12-20 11:16:11,53,54,3912,15698
2023-12-20 11:16:20,53,55,3912,15698
2023-12-20 11:16:20,53,54,3912,15698
2023-12-20 11:16:23,51,54,3912,15698
2023-12-20 11:16:23,52,54,3912,15698
2023-12-20 11:16:36,51,54,3912,15698
2023-12-20 11:16:36,52,54,3912,15698
2023-12-20 11:16:40,53,54,3912,15698
2023-12-20 11:16:43,53,55,3912,15698
2023-12-20 11:17:05,52,54,3912,15698
2023-12-20 11:17:05,53,54,3912,15698
2023-12-20 11:17:07,53,55,3912,15698
2023-12-20 11:17:15,52,54,3912,15698
2023-12-20 11:17:15,53,54,3912,15698
2023-12-20 11:17:27,52,54,3912,15698
2023-12-20 11:17:27,53,54,3912,15698
2023-12-20 11:17:29,53,55,3912,15698
2023-12-20 11:17:32,53,54,3912,15698
2023-12-20 11:17:44,53,55,3912,15698
2023-12-20 11:17:51,52,55,3912,15698
2023-12-20 11:17:51,54,55,3912,15698
2023-12-20 11:18:04,54,56,3912,15698
2023-12-20 11:18:05,54,55,3912,15698
2023-12-20 11:18:20,52,55,3912,15698
2023-12-20 11:18:20,54,55,3912,15698
2023-12-20 11:18:24,52,55,3912,15698
2023-12-20 11:18:24,53,55,3912,15698
2023-12-20 11:18:26,53,54,3912,15698
2023-12-20 11:18:27,52,54,3912,15698
2023-12-20 11:18:29,51,54,3912,15698
2023-12-20 11:18:30,52,54,3912,15698
2023-12-20 11:18:38,53,54,3912,15698
2023-12-20 11:18:42,53,55,3912,15698
2023-12-20 11:18:45,52,55,3912,15698
2023-12-20 11:18:45,53,55,3912,15698
2023-12-20 11:18:52,54,55,3912,15698
2023-12-20 11:19:01,52,55,3912,15698
2023-12-20 11:19:01,53,55,3912,15698
2023-12-20 11:19:06,53,54,3912,15698
2023-12-20 11:19:17,52,54,3912,15698
2023-12-20 11:19:23,53,54,3912,15698
2023-12-20 11:19:24,51,54,3912,15698
2023-12-20 11:19:24,52,54,3912,15698
2023-12-20 11:19:46,52,53,3912,15698
2023-12-20 11:19:47,50,53,3912,15698
2023-12-20 11:19:55,50,52,3912,15698
2023-12-20 11:20:04,51,52,3912,15698
2023-12-20 11:20:09,50,52,3912,15698
2023-12-20 11:20:10,51,52,3912,15698
2023-12-20 11:20:12,50,52,3912,15698
2023-12-20 11:20:25,50,51,3912,15698
2023-12-20 11:20:27,50,52,3912,15698
2023-12-20 11:20:27,50,51,3912,15698
2023-12-20 11:20:29,50,52,3912,15698
2023-12-20 11:20:30,50,51,3912,15698
2023-12-20 11:20:33,50,52,3912,15698
2023-12-20 11:20:34,51,52,3912,15698
2023-12-20 11:20:39,50,52,3912,15698
2023-12-20 11:20:45,51,52,3912,15698
2023-12-20 11:20:46,51,53,3912,15698
2023-12-20 11:20:49,51,52,3912,15698
2023-12-20 11:20:55,50,52,3912,15698
2023-12-20 11:21:13,50,51,3912,15698
2023-12-20 11:21:17,49,51,3912,15698
2023-12-20 11:21:19,49,52,3912,15698
2023-12-20 11:21:19,49,51,3912,15698
2023-12-20 11:21:19,50,51,3912,15698
2023-12-20 11:21:20,49,51,3912,15698
2023-12-20 11:21:21,50,51,3912,15698
2023-12-20 11:21:23,49,51,3912,15698
2023-12-20 11:21:37,50,51,3912,15698
2023-12-20 11:21:56,49,51,3912,15698
2023-12-20 11:22:01,49,50,3912,15698
2023-12-20 11:22:02,49,51,3912,15698
2023-12-20 11:22:03,49,50,3912,15698
2023-12-20 11:22:06,49,51,3912,15698
2023-12-20 11:22:06,49,50,3912,15698
2023-12-20 11:22:07,49,51,3912,15698
2023-12-20 11:22:22,49,50,3912,15698
2023-12-20 11:22:26,49,51,3912,15698
2023-12-20 11:22:27,49,50,3912,15698
2023-12-20 11:22:28,49,51,3912,15698
2023-12-20 11:22:34,49,50,3912,15698
2023-12-20 11:22:39,49,51,3912,15698
2023-12-20 11:22:40,50,51,3912,15698
2023-12-20 11:22:41,49,51,3912,15698
2023-12-20 11:22:43,49,50,3912,15698
2023-12-20 11:22:45,49,51,3912,15698
2023-12-20 11:22:45,49,50,3912,15698
2023-12-20 11:23:00,49,51,3912,15698
2023-12-20 11:23:00,49,50,3912,15698
2023-12-20 11:23:08,49,51,3912,15698
2023-12-20 11:23:11,49,51,3912,15698
2023-12-20 11:23:11,49,50,3912,15698
2023-12-20 11:23:20,49,51,3912,15698
2023-12-20 11:23:29,50,51,3912,15698
2023-12-20 11:23:29,50,52,3912,15698
2023-12-20 11:23:30,50,51,3912,15698
2023-12-20 11:23:31,50,52,3912,15698
2023-12-20 11:23:35,50,51,3912,15698
2023-12-20 11:23:40,49,51,3912,15698
2023-12-20 11:23:42,50,51,3912,15698
2023-12-20 11:23:44,50,52,3912,15698
2023-12-20 11:23:44,50,51,3912,15698
2023-12-20 11:23:44,50,51,3912,15828
2023-12-20 11:23:44,50,51,3912,15998
2023-12-20 11:23:50,50,52,3912,15998
2023-12-20 11:24:06,50,51,3912,15998
2023-12-20 11:24:09,50,52,3912,15998
2023-12-20 11:24:16,51,52,3912,15998
2023-12-20 11:24:18,51,53,3912,15998
2023-12-20 11:24:25,51,52,3912,15998
2023-12-20 11:24:26,50,52,3912,15998
2023-12-20 11:24:38,51,52,3912,15998
2023-12-20 11:24:45,50,52,3912,15998
2023-12-20 11:25:01,50,51,3912,15998
2023-12-20 11:25:05,50,52,3912,15998
2023-12-20 11:25:05,50,53,3912,15998
2023-12-20 11:25:05,49,53,3912,15998
2023-12-20 11:25:05,49,51,3912,15998
2023-12-20 11:25:08,50,51,3912,15998
2023-12-20 11:25:09,49,51,3912,15998
2023-12-20 11:25:12,50,51,3912,15998
2023-12-20 11:25:21,50,52,3912,15998
2023-12-20 11:25:22,50,51,3912,15998
2023-12-20 11:25:28,50,53,3912,15998
2023-12-20 11:25:28,50,52,3912,15998
2023-12-20 11:25:28,50,51,3912,15998
2023-12-20 11:25:38,50,52,3912,15998
2023-12-20 11:25:45,50,51,3912,15998
2023-12-20 11:25:57,49,51,3912,15998
2023-12-20 11:26:11,49,50,3912,15998
2023-12-20 11:26:17,49,51,3912,15998
2023-12-20 11:26:21,49,50,3912,15998
2023-12-20 11:26:22,50,51,3993,16192
2023-12-20 11:26:23,49,51,3993,16192
2023-12-20 11:26:29,50,51,3993,16192
2023-12-20 11:26:33,50,52,3993,16192
2023-12-20 11:26:44,50,52,3993,16392
2023-12-20 11:26:44,50,54,3993,16392
2023-12-20 11:26:45,50,53,3993,16392
2023-12-20 11:26:56,50,52,3993,16392
2023-12-20 11:27:06,51,52,3993,16392
2023-12-20 11:27:10,50,52,3993,16392
2023-12-20 11:27:10,51,52,3993,16392
2023-12-20 11:27:14,51,53,3993,16392
2023-12-20 11:27:32,52,53,3993,16392
2023-12-20 11:27:43,52,55,3993,16392
2023-12-20 11:27:43,52,54,3993,16392
2023-12-20 11:27:44,52,53,3993,16392
2023-12-20 11:27:58,52,55,3993,16392
2023-12-20 11:27:58,52,54,3993,16392
2023-12-20 11:28:01,53,54,3993,16392
2023-12-20 11:28:02,51,54,3993,16392
2023-12-20 11:28:02,52,54,3993,16392
2023-12-20 11:28:05,53,54,3993,16392
2023-12-20 11:28:06,52,54,3993,16392
2023-12-20 11:28:07,51,54,3993,16392
2023-12-20 11:28:07,52,54,3993,16392
2023-12-20 11:28:10,53,54,3993,16392
2023-12-20 11:28:23,53,56,3993,16392
2023-12-20 11:28:23,53,55,3993,16392
2023-12-20 11:28:28,54,55,3993,16392
2023-12-20 11:28:29,53,55,3993,16392
2023-12-20 11:28:30,54,55,3993,16392
2023-12-20 11:29:20,53,55,3993,16392
2023-12-20 11:29:22,53,56,3993,16392
2023-12-20 11:29:22,53,54,3993,16392
2023-12-20 11:29:25,52,54,3993,16392
2023-12-20 11:29:28,51,54,3993,16392
2023-12-20 11:29:29,51,55,3993,16392
2023-12-20 11:29:29,51,53,3993,16392
2023-12-20 11:29:42,50,53,3993,16392
2023-12-20 11:29:43,51,53,3993,16392
2023-12-20 11:29:44,50,53,3993,16392
2023-12-20 11:29:44,51,53,3993,16392
2023-12-20 11:29:45,50,53,3993,16392
2023-12-20 11:29:45,51,53,3993,16392
2023-12-20 11:29:46,51,52,3993,16392
2023-12-20 11:29:47,51,52,3993,16392
2023-12-20 11:29:48,50,52,3993,16392
2023-12-20 11:29:48,51,52,3993,16392
2023-12-20 11:29:49,50,52,3993,16392
2023-12-20 11:30:00,51,52,3993,16392
2023-12-20 11:30:02,50,52,3993,16392
2023-12-20 11:30:02,51,52,3993,16392
2023-12-20 11:30:03,50,52,3993,16392
2023-12-20 11:30:20,51,52,3993,16392
2023-12-20 11:30:21,50,52,3993,16392
2023-12-20 11:30:26,51,52,3993,16392
2023-12-20 11:30:34,50,52,3993,16392
2023-12-20 11:30:35,51,52,3993,16392
2023-12-20 11:30:37,51,53,3993,16392
2023-12-20 11:30:45,51,55,3993,16392
2023-12-20 11:30:45,51,54,3993,16392
2023-12-20 11:30:46,51,55,3993,16392
2023-12-20 11:30:46,51,53,3993,16392
2023-12-20 11:30:56,52,53,3993,16392
2023-12-20 11:31:11,51,53,3993,16392
2023-12-20 11:31:12,52,53,3993,16392
2023-12-20 11:31:13,51,53,3993,16392
2023-12-20 11:31:15,52,53,3993,16392
2023-12-20 11:31:17,51,53,3993,16392
2023-12-20 11:31:21,52,53,3993,16392
2023-12-20 11:31:22,51,53,3993,16392
2023-12-20 11:31:22,52,53,3993,16392
2023-12-20 11:31:25,52,54,3993,16392
2023-12-20 11:31:25,52,55,3993,16392
2023-12-20 11:31:25,52,54,3993,16392
2023-12-20 11:31:26,52,53,3993,16392
2023-12-20 11:31:37,52,54,3993,16392
2023-12-20 11:31:37,52,54,3993,16592
2023-12-20 11:31:37,53,54,3993,16592
2023-12-20 11:31:37,54,55,3993,16892
2023-12-20 11:31:38,54,55,4193,17092
2023-12-20 11:31:40,54,55,4693,17592
2023-12-20 11:31:40,54,55,4943,17842
2023-12-20 11:31:42,54,56,4993,17892
2023-12-20 11:31:43,55,56,4993,17892
2023-12-20 11:31:44,54,56,4993,17892
2023-12-20 11:31:48,54,57,4993,17892
2023-12-20 11:31:48,54,55,4993,17892
2023-12-20 11:31:49,53,55,4993,17892
2023-12-20 11:32:01,54,55,4993,17892
2023-12-20 11:32:03,53,55,4993,17892
2023-12-20 11:32:03,54,55,4993,17892
2023-12-20 11:32:07,52,55,4993,17892
2023-12-20 11:32:07,52,54,4993,17892
2023-12-20 11:32:07,53,54,4993,17892
2023-12-20 11:32:08,52,54,4993,17892
2023-12-20 11:32:11,53,54,4993,17892
2023-12-20 11:32:12,53,55,4993,17892
2023-12-20 11:32:19,54,55,4993,17892
2023-12-20 11:32:24,53,55,4993,17892
2023-12-20 11:32:25,54,55,4993,17892
2023-12-20 11:32:29,53,55,4993,17892
2023-12-20 11:32:29,54,55,4993,17892
2023-12-20 11:32:54,54,56,4993,17892
2023-12-20 11:32:54,54,57,4993,17892
2023-12-20 11:32:54,54,56,4993,17892
2023-12-20 11:32:55,54,57,4993,17892
2023-12-20 11:32:55,54,56,4993,17892
2023-12-20 11:32:55,54,55,4993,17892
2023-12-20 11:33:14,54,56,4993,17892
2023-12-20 11:33:14,54,57,4993,17892
2023-12-20 11:33:14,54,56,4993,17892
2023-12-20 11:33:16,55,56,4993,17892
2023-12-20 11:33:19,54,56,4993,17892
2023-12-20 11:33:20,55,56,4993,17892
2023-12-20 11:33:25,54,56,4993,17892
2023-12-20 11:33:26,55,56,4993,17892
2023-12-20 11:33:31,54,56,4993,17892
2023-12-20 11:33:31,55,56,4993,17892
2023-12-20 11:33:42,53,56,4993,17892
2023-12-20 11:33:42,54,56,4993,17892
2023-12-20 11:33:43,54,55,4993,17892
2023-12-20 11:33:55,54,56,4993,17892
2023-12-20 11:34:03,54,55,4993,17892
2023-12-20 11:34:11,52,55,4993,17892
2023-12-20 11:34:11,53,55,4993,17892
2023-12-20 11:34:15,52,55,4993,17892
2023-12-20 11:34:15,53,55,4993,17892
2023-12-20 11:34:38,54,55,4993,17892
2023-12-20 11:34:49,54,56,4993,17892
2023-12-20 11:34:49,54,56,4993,18892
2023-12-20 11:34:49,55,56,4993,18892
2023-12-20 11:35:18,55,57,4993,18892
2023-12-20 11:35:18,55,58,4993,18892
2023-12-20 11:35:18,55,57,4993,18892
2023-12-20 11:35:18,56,57,4993,18892
2023-12-20 11:35:29,55,57,4993,18892
2023-12-20 11:35:29,56,57,4993,18892
2023-12-20 11:35:34,54,57,4993,18892
2023-12-20 11:35:34,54,56,4993,18892
2023-12-20 11:35:34,55,56,4993,18892
2023-12-20 11:35:35,54,56,4993,18892
2023-12-20 11:35:35,55,56,4993,18892
2023-12-20 11:35:36,54,56,4993,18892
2023-12-20 11:35:45,54,55,4993,18892
2023-12-20 11:35:52,54,56,4993,18892
2023-12-20 11:35:53,55,56,4993,18892
2023-12-20 11:36:05,54,56,4993,18892
2023-12-20 11:36:06,54,55,4993,18892
2023-12-20 11:36:09,53,55,4993,18892
2023-12-20 11:36:28,53,54,4993,18892
2023-12-20 11:36:30,53,55,4993,18892
2023-12-20 11:36:35,54,55,4993,18892
2023-12-20 11:36:40,53,55,4993,18892
2023-12-20 11:36:49,54,55,4993,18892
2023-12-20 11:36:54,54,56,4993,18892
2023-12-20 11:37:07,55,56,4993,18892
2023-12-20 11:37:09,54,56,4993,18892
2023-12-20 11:37:10,55,56,4993,18892
2023-12-20 11:37:11,54,56,4993,18892
2023-12-20 11:37:12,55,56,4993,18892
2023-12-20 11:37:42,53,56,4993,18892
2023-12-20 11:37:42,54,56,4993,18892
2023-12-20 11:37:49,55,56,4993,18892
2023-12-20 11:37:50,54,56,4993,18892
2023-12-20 11:37:59,54,55,4993,18892
2023-12-20 11:38:01,54,56,4993,18892
2023-12-20 11:38:01,55,56,4993,18892
2023-12-20 11:38:15,55,57,4993,18892
2023-12-20 11:38:36,55,56,4993,18892
2023-12-20 11:38:38,55,57,4993,18892
2023-12-20 11:38:40,56,57,4993,18892
2023-12-20 11:38:49,56,58,4993,18892
2023-12-20 11:39:04,56,57,4993,18892
2023-12-20 11:39:18,55,57,4993,18892
2023-12-20 11:39:18,54,57,4993,18892
2023-12-20 11:39:18,55,57,4993,18892
2023-12-20 11:39:27,56,57,4993,18892
2023-12-20 11:39:35,54,57,4993,18892
2023-12-20 11:39:35,55,57,4993,18892
2023-12-20 11:39:51,55,56,4993,18892
2023-12-20 11:39:58,55,57,4993,18892
2023-12-20 11:40:00,55,56,4993,18892
2023-12-20 11:40:19,55,57,4993,18892
2023-12-20 11:40:30,56,57,4993,18892
2023-12-20 11:40:35,55,57,4993,18892
2023-12-20 11:40:35,56,57,4993,18892
2023-12-20 11:41:05,56,58,4993,18892
2023-12-20 11:41:06,56,57,4993,18892
2023-12-20 11:41:14,56,58,4993,18892
2023-12-20 11:41:22,57,58,4993,18892
2023-12-20 11:41:28,56,58,4993,18892
2023-12-20 11:41:30,57,58,4993,18892
2023-12-20 11:41:44,56,58,4993,18892
2023-12-20 11:41:46,57,58,4993,18892
2023-12-20 11:42:00,56,58,4993,18892
2023-12-20 11:42:03,57,58,4993,18892
2023-12-20 11:42:06,56,58,4993,18892
2023-12-20 11:42:06,57,58,4993,18892
2023-12-20 11:42:08,56,58,4993,18892
2023-12-20 11:42:16,57,58,4993,18892
2023-12-20 11:42:45,56,58,4993,18892
2023-12-20 11:43:03,56,57,4993,18892
2023-12-20 11:43:06,56,58,4993,18892
2023-12-20 11:43:14,56,57,4993,18892
2023-12-20 11:43:36,56,58,4993,18892
2023-12-20 11:43:37,56,57,4993,18892
2023-12-20 11:43:39,56,58,4993,18892
2023-12-20 11:43:40,56,57,4993,18892
2023-12-20 11:43:41,56,58,4993,18892
2023-12-20 11:43:42,56,57,4993,18892
2023-12-20 11:44:04,56,58,4993,18892
2023-12-20 11:44:07,57,58,4993,18892
2023-12-20 11:44:13,56,58,4993,18892
2023-12-20 11:44:14,57,58,4993,18892
2023-12-20 11:44:16,56,58,4993,18892
2023-12-20 11:44:16,57,58,4993,18892
2023-12-20 11:44:21,56,58,4993,18892
2023-12-20 11:44:22,57,58,4993,18892
2023-12-20 11:44:24,56,58,4993,18892
2023-12-20 11:44:25,57,58,4993,18892
2023-12-20 11:44:35,56,58,4993,18892
2023-12-20 11:44:35,57,58,4993,18892
2023-12-20 11:44:39,56,58,4993,18892
2023-12-20 11:44:39,57,58,4993,18892
2023-12-20 11:44:44,56,58,4993,18892
2023-12-20 11:44:51,57,58,4993,18892
2023-12-20 11:45:01,56,58,4993,18892
2023-12-20 11:45:06,57,58,4993,18892
2023-12-20 11:45:07,56,58,4993,18892
2023-12-20 11:45:08,57,58,4993,18892
2023-12-20 11:45:11,56,58,4993,18892
2023-12-20 11:45:12,57,58,4993,18892
2023-12-20 11:45:17,56,58,4993,18892
2023-12-20 11:45:17,57,58,4993,18892
2023-12-20 11:46:26,56,58,4993,18892
2023-12-20 11:46:26,57,58,4993,18892
2023-12-20 11:46:31,56,58,4993,18892
2023-12-20 11:46:32,57,58,4993,18892
2023-12-20 11:46:42,56,58,4993,18892
2023-12-20 11:46:43,57,58,4993,18892
2023-12-20 11:46:46,56,58,4993,18892
2023-12-20 11:46:46,57,58,4993,18892
2023-12-20 11:46:48,56,57,4844,19041
2023-12-20 11:46:50,55,57,4844,19041
2023-12-20 11:46:50,54,57,4844,19041
2023-12-20 11:46:50,55,57,4844,19041
2023-12-20 11:47:04,55,56,4844,19041
2023-12-20 11:47:09,53,56,4844,19041
2023-12-20 11:47:09,54,56,4844,19041
2023-12-20 11:47:18,54,55,4844,19041
2023-12-20 11:47:22,53,55,4844,19041
2023-12-20 11:47:24,52,55,4844,20041
2023-12-20 11:47:25,52,54,4844,20041
2023-12-20 11:47:25,53,54,4844,20041
2023-12-20 11:47:26,53,55,4844,20041
2023-12-20 11:47:41,52,55,4844,20041
2023-12-20 11:47:41,53,55,4844,20041
2023-12-20 11:47:46,52,55,4844,20041
2023-12-20 11:47:46,54,55,4844,20041
2023-12-20 11:47:49,54,56,4844,20041
2023-12-20 11:47:53,52,56,4844,20041
2023-12-20 11:47:54,53,56,4844,20041
2023-12-20 11:47:55,54,56,4844,20041
2023-12-20 11:48:16,53,56,4844,20041
2023-12-20 11:48:16,55,56,4844,20041
2023-12-20 11:48:16,53,56,4844,20041
2023-12-20 11:48:16,55,56,4844,20041
2023-12-20 11:48:17,53,55,4684,20201
2023-12-20 11:48:17,54,55,4684,20201
2023-12-20 11:48:18,54,56,4684,20201
2023-12-20 11:48:20,53,56,4684,20201
2023-12-20 11:48:21,54,56,4684,20201
2023-12-20 11:48:25,54,55,4684,20201
2023-12-20 11:48:26,54,56,4684,20201
2023-12-20 11:48:29,54,55,4684,20201
2023-12-20 11:48:43,52,55,4684,20201
2023-12-20 11:48:43,53,55,4684,20201
2023-12-20 11:48:45,52,55,4684,20201
2023-12-20 11:48:45,54,55,4684,20201
2023-12-20 11:48:56,53,55,4684,20201
2023-12-20 11:48:56,54,56,4684,20201
2023-12-20 11:49:10,54,57,4684,20201
2023-12-20 11:49:12,55,57,4684,20201
2023-12-20 11:49:25,54,57,4684,20201
2023-12-20 11:49:25,55,57,4684,20201
2023-12-20 11:49:35,54,57,4684,20201
2023-12-20 11:49:35,55,57,4684,20201
2023-12-20 11:49:39,55,56,4684,20201
2023-12-20 11:50:09,55,57,4684,20201
2023-12-20 11:50:14,54,57,4684,20201
2023-12-20 11:50:15,55,57,4684,20201
2023-12-20 11:50:24,56,57,4684,20201
2023-12-20 11:50:26,55,57,4684,20201
2023-12-20 11:50:27,56,57,4684,20201
2023-12-20 11:50:46,54,57,4684,20201
2023-12-20 11:50:46,55,57,4684,20201
2023-12-20 11:50:48,56,57,4684,20201
2023-12-20 11:51:04,54,57,4684,20201
2023-12-20 11:51:04,55,57,4684,20201
2023-12-20 11:51:07,53,57,4684,20201
2023-12-20 11:51:07,54,57,4684,20201
2023-12-20 11:51:12,53,57,4684,20201
2023-12-20 11:51:12,55,57,4684,20201
2023-12-20 11:51:18,57,58,5363,21975
2023-12-20 11:51:18,57,58,6133,22745
2023-12-20 11:51:18,57,58,6903,23515
2023-12-20 11:51:38,57,58,6903,23715
2023-12-20 11:51:40,57,58,6963,23775
2023-12-20 11:51:47,57,58,7263,24075
2023-12-20 11:51:47,57,58,7263,24325
2023-12-20 11:51:48,57,58,7263,24525
2023-12-20 11:51:48,57,58,7323,24585
2023-12-20 11:51:50,57,58,7383,24645
2023-12-20 11:51:52,57,58,7554,24816
2023-12-20 11:52:02,57,58,7614,24876
2023-12-20 11:52:03,57,58,7914,25176
2023-12-20 11:52:12,55,58,7939,25201
2023-12-20 11:52:12,55,57,7939,25201
2023-12-20 11:52:13,55,56,7939,25201
2023-12-20 11:52:20,55,58,7939,25201
2023-12-20 11:52:20,55,57,7939,25201
2023-12-20 11:52:27,55,56,7939,25201
2023-12-20 11:52:44,53,56,7939,25201
2023-12-20 11:52:44,54,56,7939,25201
2023-12-20 11:52:48,55,56,7939,25201
2023-12-20 11:52:53,55,56,7939,25331
2023-12-20 11:52:54,53,56,7939,25331
2023-12-20 11:52:54,53,57,7939,25331
2023-12-20 11:52:54,54,57,7939,25331
2023-12-20 11:52:54,54,55,7939,25331
2023-12-20 11:52:54,54,57,7939,25331
2023-12-20 11:52:54,54,55,7939,25331
2023-12-20 11:52:55,54,55,7939,25523
2023-12-20 11:52:56,54,57,7939,25523
2023-12-20 11:52:56,54,55,7939,25523
2023-12-20 11:52:56,54,57,7939,25523
2023-12-20 11:52:56,54,55,7939,25523
2023-12-20 11:53:05,54,57,7939,25523
2023-12-20 11:53:05,54,55,7939,25523
2023-12-20 11:53:05,54,57,7939,25523
2023-12-20 11:53:05,54,55,7939,25523
2023-12-20 11:53:05,54,57,7939,25523
2023-12-20 11:53:05,54,55,7939,25523
2023-12-20 11:53:26,54,55,7939,25697
2023-12-20 11:53:41,54,57,7939,25697
2023-12-20 11:53:41,54,56,7939,25697
2023-12-20 11:53:46,55,56,7939,25697
2023-12-20 11:53:46,55,57,7939,25697
2023-12-20 11:53:46,55,56,7939,25697
2023-12-20 11:53:47,55,57,7939,25697
2023-12-20 11:53:48,55,56,7939,25697
2023-12-20 11:53:49,55,57,7939,25697
2023-12-20 11:53:49,55,56,7939,25697
2023-12-20 11:53:51,55,57,7939,25697
2023-12-20 11:53:51,55,56,7939,25697
2023-12-20 11:53:56,54,56,7939,25697
2023-12-20 11:54:01,54,57,7939,25697
2023-12-20 11:54:01,54,55,7939,25697
2023-12-20 11:54:01,54,57,7939,25697
2023-12-20 11:54:01,54,55,7939,25697
2023-12-20 11:54:06,54,57,7939,25697
2023-12-20 11:54:06,54,56,7939,25697
2023-12-20 11:54:09,54,57,7939,25697
2023-12-20 11:54:10,54,56,7939,25697
2023-12-20 11:54:13,55,56,7939,25697
2023-12-20 11:54:14,54,56,7939,25697
2023-12-20 11:54:18,54,57,7939,25697
2023-12-20 11:54:18,54,56,7939,25697
2023-12-20 11:54:25,55,56,7939,25697
2023-12-20 11:54:39,54,55,8139,25901
2023-12-20 11:55:08,54,55,8389,26151
2023-12-20 11:55:16,54,55,8639,26401
2023-12-20 11:55:23,54,55,8839,26601
2023-12-20 11:55:28,54,57,8935,26697
2023-12-20 11:55:28,55,57,8935,26697
2023-12-20 11:55:28,55,56,8935,26697
2023-12-20 11:55:33,53,56,8935,26697
2023-12-20 11:55:33,54,56,8935,26697
2023-12-20 11:55:35,53,56,8935,26697
2023-12-20 11:55:35,54,56,8935,26697
2023-12-20 11:55:38,53,56,8935,26697
2023-12-20 11:55:44,53,55,8935,26697
2023-12-20 11:55:48,53,56,8935,26697
2023-12-20 11:55:49,53,55,8935,26697
2023-12-20 11:55:50,54,56,8935,26697
2023-12-20 11:55:51,54,55,8935,26697
2023-12-20 11:55:52,54,56,8935,26697
2023-12-20 11:55:52,55,56,8935,26697
2023-12-20 11:55:54,53,56,8935,26697
2023-12-20 11:55:54,54,56,8935,26697
2023-12-20 11:56:05,54,55,8935,26697
2023-12-20 11:56:09,53,55,8935,26697
2023-12-20 11:56:09,53,56,8935,26697
2023-12-20 11:56:09,53,55,8935,26697
2023-12-20 11:56:10,53,55,8935,26697
2023-12-20 11:56:14,54,55,8935,26697
2023-12-20 11:56:15,53,56,8935,26697
2023-12-20 11:56:16,54,56,8935,26697
2023-12-20 11:56:18,54,55,8935,26697
2023-12-20 11:56:19,54,56,8935,26697
2023-12-20 11:56:19,53,56,8935,26697
2023-12-20 11:56:19,53,55,8935,26697
2023-12-20 11:56:19,54,55,8935,26697
2023-12-20 11:56:20,54,56,9091,26853
2023-12-20 11:56:27,54,57,9091,26853
2023-12-20 11:56:30,55,57,9091,26853
2023-12-20 11:56:35,54,57,9091,26853
2023-12-20 11:56:37,55,57,9091,26853
2023-12-20 11:56:43,55,58,9091,26853
2023-12-20 11:56:44,56,58,9091,26853
2023-12-20 11:56:45,55,58,9091,26853
2023-12-20 11:56:45,56,58,9091,26853
2023-12-20 11:56:47,55,58,9091,26853
2023-12-20 11:56:54,56,58,9091,26853
2023-12-20 11:56:56,55,58,9091,26853
2023-12-20 11:56:56,56,58,9091,26853
2023-12-20 11:56:58,56,57,9091,26853
2023-12-20 11:57:07,55,57,9091,26853
2023-12-20 11:57:08,56,57,9091,26853
2023-12-20 11:57:10,55,57,9091,26853
2023-12-20 11:57:17,56,57,9091,26853
2023-12-20 11:57:22,56,58,9091,26853
2023-12-20 11:57:28,55,58,9091,26853
2023-12-20 11:57:28,56,58,9091,26853
2023-12-20 11:57:29,56,57,9091,26853
2023-12-20 11:57:40,56,58,9091,26853
2023-12-20 11:57:40,55,58,9091,26853
2023-12-20 11:57:40,56,58,9091,26853
2023-12-20 11:57:58,56,58,9091,26853
2023-12-20 11:58:06,55,58,9091,26853
2023-12-20 11:58:06,56,58,9091,26853
2023-12-20 11:58:09,55,58,9091,26853
2023-12-20 11:58:09,56,58,9091,26853
2023-12-20 11:58:10,56,57,9091,26853
2023-12-20 11:58:11,56,58,9091,26853
2023-12-20 11:58:11,56,57,9091,26853
2023-12-20 11:58:12,56,58,9091,26853
2023-12-20 11:58:12,56,57,9091,26853
2023-12-20 11:58:23,56,58,9091,26853
2023-12-20 11:58:25,57,58,9091,26853
2023-12-20 11:58:35,57,59,9091,26853
2023-12-20 11:58:39,56,59,9091,26853
2023-12-20 11:58:39,56,58,9091,26853
2023-12-20 11:58:39,57,58,9091,26853
2023-12-20 11:58:43,57,59,9091,26853
2023-12-20 11:58:59,58,59,9091,26853
2023-12-20 11:59:06,57,59,9091,26853
2023-12-20 11:59:06,58,59,9091,26853
2023-12-20 11:59:12,57,59,9091,26853
2023-12-20 11:59:14,57,58,9091,26853
2023-12-20 11:59:18,57,59,9091,26853
2023-12-20 11:59:19,57,59,9091,26853
2023-12-20 11:59:19,57,58,9091,26853
2023-12-20 11:59:23,56,58,9091,26853
2023-12-20 11:59:30,57,58,9091,26853
2023-12-20 11:59:37,55,58,9091,26853
2023-12-20 11:59:37,55,59,9091,26853
2023-12-20 11:59:37,55,58,9091,26853
2023-12-20 11:59:37,55,58,9091,26853
2023-12-20 11:59:37,57,58,9091,26853
2023-12-20 11:59:38,55,58,9091,26853
2023-12-20 11:59:38,56,58,9091,26853
2023-12-20 11:59:40,57,58,9091,26853
2023-12-20 11:59:43,56,58,9091,26853
2023-12-20 11:59:43,56,59,9091,26853
2023-12-20 11:59:43,57,59,9091,26853
2023-12-20 11:59:44,57,59,9091,26853
2023-12-20 11:59:50,57,58,9091,26853
2023-12-20 11:59:55,56,58,9091,26853
2023-12-20 11:59:55,57,58,9091,26853
2023-12-20 11:59:56,56,58,9091,26853
2023-12-20 11:59:56,57,58,9091,26853
2023-12-20 11:59:57,56,58,9091,26853
2023-12-20 11:59:58,57,58,9091,26853
2023-12-20 11:59:59,56,58,9091,26853
2023-12-20 12:00:01,55,58,9091,26853
2023-12-20 12:00:01,55,59,9091,26853
2023-12-20 12:00:01,56,59,9091,26853
2023-12-20 12:00:01,56,58,9091,26853
2023-12-20 12:00:06,55,58,9091,26853
2023-12-20 12:00:15,55,57,9091,26853
2023-12-20 12:00:21,56,57,9091,26853
2023-12-20 12:00:25,55,57,9091,26853
2023-12-20 12:00:26,56,57,9091,26853
2023-12-20 12:00:28,55,57,9091,26853
2023-12-20 12:00:37,54,57,9091,26853
2023-12-20 12:00:42,54,56,9091,26853
2023-12-20 12:00:44,54,57,9091,26853
2023-12-20 12:00:45,54,56,9091,26853
2023-12-20 12:00:54,54,57,9091,26853
2023-12-20 12:00:55,54,56,9091,26853
2023-12-20 12:01:06,54,55,9091,26853
2023-12-20 12:01:07,53,55,9091,26853
2023-12-20 12:01:10,54,55,9091,26853
2023-12-20 12:01:20,52,55,9091,26853
2023-12-20 12:01:20,53,55,9091,26853
2023-12-20 12:01:28,52,55,9091,26853
2023-12-20 12:01:36,52,54,9091,26853
2023-12-20 12:01:54,52,55,9091,26853
2023-12-20 12:01:54,52,53,9091,26853
2023-12-20 12:01:54,52,55,9091,26853
2023-12-20 12:01:54,52,53,9091,26853
2023-12-20 12:01:56,52,55,9091,26853
2023-12-20 12:01:56,52,54,9091,26853
2023-12-20 12:02:06,52,55,9091,26853
2023-12-20 12:02:07,52,54,9091,26853
2023-12-20 12:02:25,52,53,9091,26853
2023-12-20 12:02:29,52,54,9241,27003
2023-12-20 12:02:29,52,53,9241,27003
2023-12-20 12:02:35,52,55,9390,27152
2023-12-20 12:02:35,52,54,9390,27152
2023-12-20 12:02:41,52,55,9506,27268
2023-12-20 12:02:41,52,54,9506,27268
2023-12-20 12:02:47,52,55,9506,27268
2023-12-20 12:02:47,52,54,9506,27268
2023-12-20 12:02:47,53,54,9506,27268
2023-12-20 12:02:48,52,54,9506,27268
2023-12-20 12:02:48,53,54,9506,27268
2023-12-20 12:02:56,52,54,9506,27268
2023-12-20 12:02:56,52,55,9506,27268
2023-12-20 12:02:57,52,54,9506,27268
2023-12-20 12:03:01,53,54,9506,27268
2023-12-20 12:03:05,53,55,9506,27268
2023-12-20 12:03:05,52,55,9506,27268
2023-12-20 12:03:05,53,55,9506,27268
2023-12-20 12:03:05,53,54,9506,27268
2023-12-20 12:03:08,53,56,9506,27268
2023-12-20 12:03:08,53,55,9506,27268
2023-12-20 12:03:11,52,55,9506,27268
2023-12-20 12:03:11,52,54,9506,27268
2023-12-20 12:03:12,53,54,9506,27268
2023-12-20 12:03:13,53,56,9506,27268
2023-12-20 12:03:13,53,55,9506,27268
2023-12-20 12:03:24,53,54,9506,27268
2023-12-20 12:03:32,52,54,9506,27268
2023-12-20 12:03:34,52,55,9506,27268
2023-12-20 12:03:34,52,54,9506,27268
2023-12-20 12:03:35,53,54,9506,27268
2023-12-20 12:03:36,52,54,9506,27268
2023-12-20 12:03:36,52,54,9542,27304
2023-12-20 12:03:36,53,54,9542,27304
2023-12-20 12:03:38,52,54,9542,27304
2023-12-20 12:03:38,53,54,9542,27304
2023-12-20 12:03:39,52,54,9542,27304
2023-12-20 12:03:44,53,54,9542,27304
2023-12-20 12:03:45,53,55,9662,27424
2023-12-20 12:03:49,53,56,9816,27578
2023-12-20 12:03:49,53,55,9816,27578
2023-12-20 12:03:51,53,56,9979,27741
2023-12-20 12:03:51,53,55,9979,27741
2023-12-20 12:03:52,53,56,9979,27741
2023-12-20 12:03:53,54,56,9979,27741
2023-12-20 12:03:59,53,56,9979,27741
2023-12-20 12:04:01,53,55,9979,27741
2023-12-20 12:04:01,54,55,9979,27741
2023-12-20 12:04:02,54,56,9979,27741
2023-12-20 12:04:02,54,56,9979,27741
2023-12-20 12:04:03,54,56,9979,27741
2023-12-20 12:04:04,54,55,9979,27741
2023-12-20 12:04:05,54,56,9979,27741
2023-12-20 12:04:06,54,55,9979,27741
2023-12-20 12:04:07,54,56,9979,27741
2023-12-20 12:04:08,54,55,9979,27741
2023-12-20 12:04:09,54,56,9979,27741
2023-12-20 12:04:12,55,56,9979,27741
2023-12-20 12:04:14,54,56,9979,27741
2023-12-20 12:04:22,55,56,9979,27741
2023-12-20 12:04:26,54,56,9979,27741
2023-12-20 12:04:26,54,57,9979,27741
2023-12-20 12:04:26,55,57,9979,27741
2023-12-20 12:04:26,55,56,9979,27741
2023-12-20 12:04:27,54,56,9979,27741
2023-12-20 12:04:30,54,57,9979,27741
2023-12-20 12:04:30,54,56,9979,27741
2023-12-20 12:04:31,55,56,9979,27741
2023-12-20 12:04:33,54,56,9979,27741
2023-12-20 12:04:37,54,55,9979,27741
2023-12-20 12:04:40,53,55,9979,27741
2023-12-20 12:04:41,54,55,9979,27741
2023-12-20 12:04:43,53,55,9979,27741
2023-12-20 12:04:44,54,55,9979,27741
2023-12-20 12:04:46,53,55,9979,27741
2023-12-20 12:04:49,52,55,9979,27741
2023-12-20 12:04:50,53,55,9979,27741
2023-12-20 12:04:52,52,55,9979,27741
2023-12-20 12:04:53,53,55,9979,27741
2023-12-20 12:05:02,54,55,9979,27741
2023-12-20 12:05:09,53,55,9979,27741
2023-12-20 12:05:18,54,55,9979,27741
2023-12-20 12:05:18,54,56,9985,27747
2023-12-20 12:05:22,54,55,9985,27747
2023-12-20 12:05:24,54,56,9985,27747
2023-12-20 12:05:25,52,56,9985,27747
2023-12-20 12:05:25,52,55,9985,27747
2023-12-20 12:05:25,53,55,9985,27747
2023-12-20 12:05:31,53,56,9985,27747
2023-12-20 12:05:31,52,56,9985,27747
2023-12-20 12:05:31,52,55,9985,27747
2023-12-20 12:05:31,53,55,9985,27747
2023-12-20 12:05:32,53,54,9985,27747
2023-12-20 12:05:42,53,54,10235,27997
2023-12-20 12:05:46,53,54,10435,28197
2023-12-20 12:05:46,53,54,10685,28447
2023-12-20 12:05:51,53,54,10935,28697
2023-12-20 12:05:53,54,57,10985,28747
2023-12-20 12:05:54,53,57,10985,28747
2023-12-20 12:05:57,53,56,10985,28747
2023-12-20 12:05:57,54,56,10985,28747
2023-12-20 12:06:01,53,56,10985,28747
2023-12-20 12:06:01,54,56,10985,28747
2023-12-20 12:06:02,54,57,10985,28747
2023-12-20 12:06:02,54,56,10985,28747
2023-12-20 12:06:03,54,57,10985,28747
2023-12-20 12:06:05,54,56,10985,28747
2023-12-20 12:06:16,53,56,10985,28747
2023-12-20 12:06:17,54,56,10985,28747
2023-12-20 12:06:23,53,56,10985,28747
2023-12-20 12:06:23,53,57,10985,28747
2023-12-20 12:06:25,53,56,10985,28747
2023-12-20 12:06:25,54,56,10985,28747
2023-12-20 12:06:32,53,56,10985,28747
2023-12-20 12:06:32,55,56,10985,28747
2023-12-20 12:06:35,53,56,10985,28747
2023-12-20 12:06:35,55,56,10985,28747
2023-12-20 12:06:35,53,56,10985,28747
2023-12-20 12:06:35,55,56,10985,28747
2023-12-20 12:06:45,53,55,10985,28904
2023-12-20 12:06:46,54,55,10985,28904
2023-12-20 12:06:48,53,55,10985,28904
2023-12-20 12:06:49,54,55,10985,28904
2023-12-20 12:06:55,53,55,10985,28904
2023-12-20 12:06:59,52,55,10985,28904
2023-12-20 12:07:10,53,55,10985,28904
2023-12-20 12:07:15,52,55,10985,28904
2023-12-20 12:07:15,53,55,10985,28904
2023-12-20 12:07:31,54,55,10985,28904
2023-12-20 12:07:35,53,55,10985,28904
2023-12-20 12:07:35,54,55,10985,28904
2023-12-20 12:07:41,53,55,10985,28904
2023-12-20 12:07:41,54,55,10985,28904
2023-12-20 12:07:44,53,55,10985,28904
2023-12-20 12:07:44,54,55,10985,28904
2023-12-20 12:07:50,53,55,10985,28904
2023-12-20 12:07:50,54,55,10985,28904
2023-12-20 12:07:55,52,55,10985,28904
2023-12-20 12:07:55,53,55,10985,28904
2023-12-20 12:07:56,52,55,10985,28904
2023-12-20 12:07:59,53,55,10985,28904
2023-12-20 12:08:00,52,55,10985,28904
2023-12-20 12:08:03,53,55,10985,28904
2023-12-20 12:08:05,52,55,10985,28904
2023-12-20 12:08:06,53,55,10985,28904
2023-12-20 12:08:10,52,55,10985,28904
2023-12-20 12:08:10,54,55,10985,28904
2023-12-20 12:08:10,52,55,10985,28904
2023-12-20 12:08:10,54,55,10985,28904
2023-12-20 12:08:36,53,55,10985,28904
2023-12-20 12:08:36,54,55,10985,28904
2023-12-20 12:08:41,53,55,10985,28904
2023-12-20 12:08:41,54,55,10985,28904
2023-12-20 12:08:59,53,55,10985,28904
2023-12-20 12:08:59,54,55,10985,28904
2023-12-20 12:09:36,52,55,10985,28904
2023-12-20 12:09:36,54,55,10985,28904
2023-12-20 12:09:36,52,55,10985,28904
2023-12-20 12:09:36,54,55,10985,28904
2023-12-20 12:09:48,53,55,10985,28904
2023-12-20 12:09:49,54,55,10985,28904
2023-12-20 12:09:57,53,55,10985,28904
2023-12-20 12:09:58,54,55,10985,28904
2023-12-20 12:10:20,52,55,10985,28904
2023-12-20 12:10:20,53,55,10985,28904
2023-12-20 12:10:29,52,55,10985,28904
2023-12-20 12:10:30,53,55,10985,28904
2023-12-20 12:10:41,52,55,10985,28904
2023-12-20 12:10:41,54,55,10985,28904
2023-12-20 12:10:52,52,55,10985,28904
2023-12-20 12:10:52,53,55,10985,28904
2023-12-20 12:10:56,52,55,10985,28904
2023-12-20 12:10:56,53,55,10985,28904
2023-12-20 12:10:58,53,54,10985,28904
2023-12-20 12:10:58,52,54,10985,28904
2023-12-20 12:11:00,51,54,10985,28904
2023-12-20 12:11:08,52,54,10985,28904
2023-12-20 12:11:19,52,53,10985,28904
2023-12-20 12:11:20,52,54,10985,28904
2023-12-20 12:11:21,52,53,10985,28904
2023-12-20 12:11:23,50,53,10985,28904
2023-12-20 12:11:23,51,53,10985,28904
2023-12-20 12:11:25,51,52,10985,28904
2023-12-20 12:11:25,50,52,10985,28904
2023-12-20 12:11:30,49,52,10985,28904
2023-12-20 12:11:31,50,52,10985,28904
2023-12-20 12:11:32,49,52,10985,28904
2023-12-20 12:11:34,50,52,10985,28904
2023-12-20 12:11:35,50,53,10985,29104
2023-12-20 12:11:37,51,53,10985,29104
2023-12-20 12:11:45,51,54,10985,29104
2023-12-20 12:11:51,52,54,10985,29104
2023-12-20 12:11:58,51,54,10985,29104
2023-12-20 12:11:58,52,54,10985,29104
2023-12-20 12:11:59,50,54,10985,29104
2023-12-20 12:11:59,51,54,10985,29104
2023-12-20 12:12:01,51,53,10985,29104
2023-12-20 12:12:11,51,54,10985,29104
2023-12-20 12:12:11,50,54,10985,29104
2023-12-20 12:12:11,51,54,10985,29104
2023-12-20 12:12:20,50,53,10985,29104
2023-12-20 12:12:20,50,54,10985,29104
2023-12-20 12:12:20,52,54,10985,29104
2023-12-20 12:12:20,50,53,10985,29104
2023-12-20 12:12:20,52,53,10985,29104
2023-12-20 12:12:23,50,53,10985,29104
2023-12-20 12:12:23,51,53,10985,29104
2023-12-20 12:12:25,50,53,10985,29104
2023-12-20 12:12:25,51,53,10985,29104
2023-12-20 12:12:29,50,53,10985,29104
2023-12-20 12:12:29,50,54,10985,29104
2023-12-20 12:12:30,50,53,10985,29104
2023-12-20 12:12:30,51,53,10985,29104
2023-12-20 12:12:36,50,53,10985,29104
2023-12-20 12:12:36,51,53,10985,29104
2023-12-20 12:12:36,51,52,10985,29104
2023-12-20 12:12:38,50,52,10985,29104
2023-12-20 12:12:40,50,53,10985,29104
2023-12-20 12:12:40,50,52,10985,29104
2023-12-20 12:12:54,49,52,10985,29104
2023-12-20 12:12:54,49,52,10985,29104
2023-12-20 12:12:57,51,52,10985,29104
2023-12-20 12:13:04,49,52,10985,29104
2023-12-20 12:13:04,50,52,10985,29104
2023-12-20 12:13:12,51,52,10985,29104
2023-12-20 12:13:35,49,52,10985,29104
2023-12-20 12:13:35,50,52,10985,29104
2023-12-20 12:13:39,51,52,10985,29104
2023-12-20 12:13:41,49,52,10985,29104
2023-12-20 12:13:41,50,52,10985,29104
2023-12-20 12:13:42,49,52,10985,29104
2023-12-20 12:13:42,49,53,10985,29104
2023-12-20 12:13:42,51,53,10985,29104
2023-12-20 12:13:42,51,52,10985,29104
2023-12-20 12:13:45,51,54,10985,29104
2023-12-20 12:13:45,51,53,10985,29104
2023-12-20 12:13:50,50,53,10985,29104
2023-12-20 12:13:50,50,54,10985,29104
2023-12-20 12:13:50,51,54,10985,29104
2023-12-20 12:13:50,51,53,10985,29104
2023-12-20 12:13:51,51,54,10985,29104
2023-12-20 12:13:52,51,55,10985,29104
2023-12-20 12:13:54,51,54,10985,29104
2023-12-20 12:13:55,50,54,10985,29104
2023-12-20 12:13:59,51,54,10985,29104
2023-12-20 12:14:05,50,54,10985,29104
2023-12-20 12:14:06,51,53,10985,29104
2023-12-20 12:14:07,50,53,10985,29104
2023-12-20 12:14:10,50,54,10985,29104
2023-12-20 12:14:10,50,53,10985,29104
2023-12-20 12:14:15,51,53,10985,29104
2023-12-20 12:14:26,51,54,10985,29104
2023-12-20 12:14:27,51,53,10985,29104
2023-12-20 12:14:28,51,54,10985,29104
2023-12-20 12:14:28,51,53,10985,29104
2023-12-20 12:14:31,51,54,10985,29104
2023-12-20 12:14:31,50,53,10985,29104
2023-12-20 12:14:31,51,53,10985,29104
2023-12-20 12:14:45,50,53,10985,29104
2023-12-20 12:14:45,50,53,10985,29104
2023-12-20 12:14:47,52,53,10985,29104
2023-12-20 12:14:49,52,54,10985,29104
2023-12-20 12:14:50,52,54,10985,29104
2023-12-20 12:14:50,52,53,10985,29104
2023-12-20 12:14:51,52,54,10985,29104
2023-12-20 12:14:53,51,54,10985,29104
2023-12-20 12:14:53,51,53,10985,29104
2023-12-20 12:14:55,52,53,10985,29104
2023-12-20 12:14:56,52,54,10985,29104
2023-12-20 12:14:57,52,53,10985,29104
2023-12-20 12:15:01,50,53,10985,29104
2023-12-20 12:15:01,51,53,10985,29104
2023-12-20 12:15:06,50,53,10985,29104
2023-12-20 12:15:13,49,53,10985,29104
2023-12-20 12:15:14,50,53,10985,29104
2023-12-20 12:15:15,49,53,10985,29104
2023-12-20 12:15:15,50,53,10985,29104
2023-12-20 12:15:17,50,52,10985,29104
2023-12-20 12:15:27,49,52,10985,29104
2023-12-20 12:15:31,49,51,10985,29104
2023-12-20 12:15:32,49,53,10985,29104
2023-12-20 12:15:32,49,52,10985,29104
2023-12-20 12:15:35,50,52,10985,29104
2023-12-20 12:15:55,49,52,10985,29104
2023-12-20 12:15:55,50,53,10985,29104
2023-12-20 12:15:55,50,51,10985,29104
2023-12-20 12:15:58,50,53,10985,29104
2023-12-20 12:15:58,50,52,10985,29104
2023-12-20 12:16:21,50,53,10985,29104
2023-12-20 12:16:21,49,53,10985,29104
2023-12-20 12:16:22,49,52,10985,29104
2023-12-20 12:16:22,50,52,10985,29104
2023-12-20 12:16:43,49,52,10985,29104
2023-12-20 12:16:43,49,53,10985,29104
2023-12-20 12:16:43,49,52,10985,29104
2023-12-20 12:16:43,51,52,10985,29104
2023-12-20 12:16:48,50,52,10985,29104
2023-12-20 12:16:48,50,54,10985,29104
2023-12-20 12:16:50,50,53,10985,29104
2023-12-20 12:16:50,51,53,10985,29104
2023-12-20 12:16:50,51,52,10985,29104
2023-12-20 12:16:57,51,54,11157,29276
2023-12-20 12:16:57,51,53,11157,29276
2023-12-20 12:16:59,51,54,11157,29276
2023-12-20 12:16:59,50,53,11157,29276
2023-12-20 12:16:59,51,53,11157,29276
2023-12-20 12:17:01,50,53,11157,29276
2023-12-20 12:17:01,50,54,11157,29276
2023-12-20 12:17:01,51,54,11157,29276
2023-12-20 12:17:06,50,53,11157,29276
2023-12-20 12:17:07,51,54,11157,29276
2023-12-20 12:17:07,51,53,11157,29276
2023-12-20 12:17:12,51,54,11157,29276
2023-12-20 12:17:12,52,54,11157,29276
2023-12-20 12:17:13,52,53,11157,29276
2023-12-20 12:17:14,52,54,11157,29276
2023-12-20 12:17:18,52,55,11157,29276
2023-12-20 12:17:32,53,55,11157,29276
2023-12-20 12:17:33,52,55,11157,29276
2023-12-20 12:17:33,53,55,11157,29276
2023-12-20 12:17:35,52,55,11157,29276
2023-12-20 12:17:35,53,55,11157,29276
2023-12-20 12:17:35,53,54,11157,29276
2023-12-20 12:17:36,51,54,11157,29276
2023-12-20 12:17:36,52,54,11157,29276
2023-12-20 12:17:43,51,54,11157,29276
2023-12-20 12:17:49,52,54,11157,29276
2023-12-20 12:17:50,51,54,11157,29276
2023-12-20 12:17:51,52,54,11157,29276
2023-12-20 12:17:52,50,54,11157,29276
2023-12-20 12:17:52,51,54,11157,29276
2023-12-20 12:17:56,50,54,11157,29276
2023-12-20 12:17:56,50,53,11157,29276
2023-12-20 12:17:56,51,53,11157,29276
2023-12-20 12:17:59,50,53,11157,29276
2023-12-20 12:17:59,50,54,11157,29276
2023-12-20 12:17:59,50,53,11157,29276
2023-12-20 12:17:59,51,53,11157,29276
2023-12-20 12:18:02,51,54,11157,29276
2023-12-20 12:18:03,52,54,11157,29276
2023-12-20 12:18:04,52,53,11157,29276
2023-12-20 12:18:05,50,53,11157,29276
2023-12-20 12:18:05,51,53,11157,29276
2023-12-20 12:18:17,50,53,11157,29276
2023-12-20 12:18:19,49,53,11157,29276
2023-12-20 12:18:31,50,53,11157,29276
2023-12-20 12:18:39,50,52,11157,29276
2023-12-20 12:18:40,50,54,11157,29276
2023-12-20 12:18:40,50,53,11157,29276
2023-12-20 12:18:41,51,53,11157,29276
2023-12-20 12:18:46,51,54,11157,29276
2023-12-20 12:18:46,50,54,11157,29276
2023-12-20 12:18:46,51,54,11157,29276
2023-12-20 12:18:46,51,53,11157,29276
2023-12-20 12:18:47,51,54,11157,29276
2023-12-20 12:18:47,51,53,11157,29276
2023-12-20 12:18:49,51,54,11157,29276
2023-12-20 12:18:49,50,54,11157,29276
2023-12-20 12:18:49,51,54,11157,29276
2023-12-20 12:18:52,51,53,11157,29276
2023-12-20 12:18:54,50,53,11157,29276
2023-12-20 12:18:54,50,53,11157,29276
2023-12-20 12:18:54,51,53,11157,29276
2023-12-20 12:18:56,50,53,11157,29276
2023-12-20 12:18:56,50,54,11157,29276
2023-12-20 12:18:56,50,53,11157,29276
2023-12-20 12:18:56,51,53,11157,29276
2023-12-20 12:19:06,50,53,11157,29276
2023-12-20 12:19:06,50,53,11157,29276
2023-12-20 12:19:06,51,53,11157,29276
2023-12-20 12:19:16,50,53,11157,29276
2023-12-20 12:19:16,50,54,11157,29276
2023-12-20 12:19:18,50,53,11157,29276
2023-12-20 12:19:18,51,53,11157,29276
2023-12-20 12:19:22,51,54,11157,29276
2023-12-20 12:19:22,50,54,11157,29276
2023-12-20 12:19:24,51,54,11157,29276
2023-12-20 12:19:24,51,53,11157,29276
2023-12-20 12:19:35,51,54,11157,29276
2023-12-20 12:19:35,50,54,11157,29276
2023-12-20 12:19:35,52,54,11157,29276
2023-12-20 12:19:35,52,53,11157,29276
2023-12-20 12:19:45,50,53,11157,29276
2023-12-20 12:19:45,51,53,11157,29276
2023-12-20 12:19:51,49,53,11157,29276
2023-12-20 12:19:51,49,52,11157,29276
2023-12-20 12:19:51,50,52,11157,29276
2023-12-20 12:19:55,50,53,11157,29276
2023-12-20 12:19:57,50,52,11157,29276
2023-12-20 12:19:59,49,52,11157,29276
2023-12-20 12:19:59,49,53,11157,29276
2023-12-20 12:19:59,50,53,11157,29276
2023-12-20 12:19:59,50,52,11157,29276
2023-12-20 12:20:01,50,53,11157,29276
2023-12-20 12:20:05,51,53,11157,29276
2023-12-20 12:20:07,51,54,11157,29276
2023-12-20 12:20:08,51,55,11157,29276
2023-12-20 12:20:16,51,54,11157,29276
2023-12-20 12:20:16,50,54,11157,29276
2023-12-20 12:20:22,50,53,11157,29276
2023-12-20 12:20:22,51,53,11157,29276
2023-12-20 12:20:23,51,54,11157,29276
2023-12-20 12:20:23,50,54,11157,29276
2023-12-20 12:20:26,50,53,11157,29276
2023-12-20 12:20:27,50,54,11157,29276
2023-12-20 12:20:31,51,54,11157,29276
2023-12-20 12:20:32,51,53,11157,29276
2023-12-20 12:20:41,51,52,11157,29276
2023-12-20 12:20:45,51,54,11157,29276
2023-12-20 12:20:45,51,53,11157,29276
2023-12-20 12:20:45,51,52,11157,29276
2023-12-20 12:20:45,49,52,11157,29276
2023-12-20 12:20:45,50,52,11157,29276
2023-12-20 12:20:50,49,52,11157,29276
2023-12-20 12:20:50,49,53,11157,29276
2023-12-20 12:20:50,50,53,11157,29276
2023-12-20 12:20:55,50,52,11157,29276
2023-12-20 12:20:56,49,52,11157,29276
2023-12-20 12:20:56,49,53,11157,29276
2023-12-20 12:20:56,49,52,11157,29276
2023-12-20 12:20:56,50,52,11157,29276
2023-12-20 12:21:04,50,53,11157,29276
2023-12-20 12:21:04,49,53,11157,29276
2023-12-20 12:21:04,49,51,11157,29276
2023-12-20 12:21:04,50,51,11157,29276
2023-12-20 12:21:04,50,53,11157,29276
2023-12-20 12:21:04,50,51,11157,29276
2023-12-20 12:21:07,49,51,11157,29276
2023-12-20 12:21:11,48,51,11157,29276
2023-12-20 12:21:11,48,51,11157,29276
2023-12-20 12:21:18,48,52,11157,29276
2023-12-20 12:21:18,48,51,11157,29276
2023-12-20 12:21:20,49,51,11157,29276
2023-12-20 12:21:20,49,53,11157,29276
2023-12-20 12:21:20,49,52,11157,29276
2023-12-20 12:21:26,49,51,11157,29276
2023-12-20 12:21:29,49,53,11157,29276
2023-12-20 12:21:29,49,52,11157,29276
2023-12-20 12:21:31,50,52,11157,29276
2023-12-20 12:21:33,49,52,11157,29276
2023-12-20 12:21:34,49,53,11157,29276
2023-12-20 12:21:34,49,52,11157,29276
2023-12-20 12:21:34,50,52,11157,29276
2023-12-20 12:21:36,50,53,11157,29276
2023-12-20 12:21:36,50,52,11157,29276
2023-12-20 12:21:45,50,53,11157,29276
2023-12-20 12:21:45,50,53,11157,29276
2023-12-20 12:21:45,50,52,11157,29276
2023-12-20 12:22:00,50,51,11157,29276
2023-12-20 12:22:01,48,51,11157,29276
2023-12-20 12:22:01,49,51,11157,29276
2023-12-20 12:22:02,48,51,11157,29276
2023-12-20 12:22:19,48,50,11157,29276
2023-12-20 12:22:21,48,51,11157,29276
2023-12-20 12:22:21,48,50,11157,29276
2023-12-20 12:22:23,49,50,11157,29276
2023-12-20 12:22:24,48,50,11157,29276
2023-12-20 12:22:25,49,50,11157,29276
2023-12-20 12:22:26,48,50,11157,29276
2023-12-20 12:22:34,48,49,11157,29276
2023-12-20 12:22:38,48,50,11157,29276
2023-12-20 12:22:40,48,49,11157,29276
2023-12-20 12:22:45,48,50,11157,29276
2023-12-20 12:22:48,48,49,11157,29276
2023-12-20 12:22:57,48,50,11157,29276
2023-12-20 12:23:11,48,51,11157,29276
2023-12-20 12:23:17,49,51,11157,29276
2023-12-20 12:23:22,49,52,11157,29276
2023-12-20 12:23:23,49,51,11157,29276
2023-12-20 12:23:28,49,53,11157,29276
2023-12-20 12:23:28,49,52,11157,29276
2023-12-20 12:23:33,50,52,11157,29276
2023-12-20 12:23:35,50,53,11157,29276
2023-12-20 12:23:36,50,52,11157,29276
2023-12-20 12:23:39,50,53,11157,29276
2023-12-20 12:23:41,49,53,11157,29276
2023-12-20 12:23:41,50,53,11157,29276
2023-12-20 12:23:42,49,53,11157,29276
2023-12-20 12:23:42,50,53,11157,29276
2023-12-20 12:23:44,50,52,11157,29276
2023-12-20 12:23:51,50,54,11157,29276
2023-12-20 12:23:51,50,53,11157,29276
2023-12-20 12:24:06,50,52,11157,29276
2023-12-20 12:24:11,50,54,11157,29276
2023-12-20 12:24:11,51,54,11157,29276
2023-12-20 12:24:11,51,53,11157,29276
2023-12-20 12:24:23,51,52,11157,29276
2023-12-20 12:24:23,49,52,11157,29276
2023-12-20 12:24:31,50,52,11157,29276
2023-12-20 12:24:36,49,52,11157,29276
2023-12-20 12:24:36,50,52,11157,29276
2023-12-20 12:24:38,50,51,11157,29276
2023-12-20 12:24:41,49,51,11157,29276
2023-12-20 12:24:41,49,51,11157,29276
2023-12-20 12:24:45,49,51,11157,29276
2023-12-20 12:24:45,49,52,11157,29276
2023-12-20 12:24:46,50,52,11157,29276
2023-12-20 12:24:46,50,51,11157,29276
2023-12-20 12:25:02,48,51,11157,29276
2023-12-20 12:25:02,49,51,11157,29276
2023-12-20 12:25:09,49,52,11157,29276
2023-12-20 12:25:10,49,51,11157,29276
2023-12-20 12:25:15,49,52,11157,29276
2023-12-20 12:25:16,49,51,11157,29276
2023-12-20 12:25:27,48,51,11157,29276
2023-12-20 12:25:28,49,51,11157,29276
2023-12-20 12:25:31,48,51,11157,29276
2023-12-20 12:25:31,49,51,11157,29276
2023-12-20 12:25:33,48,51,11157,29276
2023-12-20 12:25:34,49,51,11157,29276
2023-12-20 12:25:35,49,50,11157,29276
2023-12-20 12:25:36,48,50,11157,29276
2023-12-20 12:25:36,48,51,11157,29276
2023-12-20 12:25:36,48,50,11157,29276
2023-12-20 12:25:37,47,50,11157,29276
2023-12-20 12:25:37,48,50,11157,29276
2023-12-20 12:25:43,48,51,11157,29276
2023-12-20 12:25:46,48,50,11157,29276
2023-12-20 12:25:47,48,51,11157,29276
2023-12-20 12:25:47,47,51,11157,29276
2023-12-20 12:25:47,49,51,11157,29276
2023-12-20 12:25:47,47,51,11157,29276
2023-12-20 12:25:47,49,51,11157,29276
2023-12-20 12:25:53,49,52,11157,29276
2023-12-20 12:25:54,49,51,11157,29276
2023-12-20 12:26:16,48,51,11157,29276
2023-12-20 12:26:17,48,52,11157,29276
2023-12-20 12:26:17,48,51,11157,29276
2023-12-20 12:26:17,49,51,11157,29276
2023-12-20 12:26:19,47,51,11157,29276
2023-12-20 12:26:19,48,51,11157,29276
2023-12-20 12:26:27,48,50,11157,29276
2023-12-20 12:26:37,47,50,11157,29276
2023-12-20 12:26:37,48,50,11157,29276
2023-12-20 12:26:42,47,50,11157,29276
2023-12-20 12:26:42,47,51,11157,29276
2023-12-20 12:26:43,47,50,11157,29276
2023-12-20 12:26:43,48,50,11157,29276
2023-12-20 12:26:46,48,51,11157,29276
2023-12-20 12:26:55,48,50,11157,29276
2023-12-20 12:26:56,48,51,11157,29276
2023-12-20 12:26:56,48,50,11157,29276
2023-12-20 12:26:59,47,50,11157,29276
2023-12-20 12:26:59,47,51,11157,29276
2023-12-20 12:26:59,47,50,11157,29276
2023-12-20 12:26:59,49,50,11157,29276
2023-12-20 12:26:59,47,50,11157,29276
2023-12-20 12:26:59,49,50,11157,29276
2023-12-20 12:27:01,49,51,11157,29276
2023-12-20 12:27:04,47,51,11028,29405
2023-12-20 12:27:04,48,51,11028,29405
2023-12-20 12:27:04,48,50,11028,29405
2023-12-20 12:27:14,48,51,11028,29405
2023-12-20 12:27:15,49,51,11028,29405
2023-12-20 12:27:23,49,52,11028,29405
2023-12-20 12:27:23,48,52,11028,29405
2023-12-20 12:27:23,48,51,11028,29405
2023-12-20 12:27:23,49,51,11028,29405
2023-12-20 12:27:31,48,51,11028,29405
2023-12-20 12:27:31,49,52,11028,29405
2023-12-20 12:27:31,49,51,11028,29405
2023-12-20 12:27:36,49,50,11028,29405
2023-12-20 12:27:39,47,50,10896,29537
2023-12-20 12:27:40,48,50,10896,29537
2023-12-20 12:27:41,48,51,10896,29537
2023-12-20 12:27:45,49,51,10896,29537
2023-12-20 12:27:59,49,52,10896,29537
2023-12-20 12:27:59,49,51,10896,29537
2023-12-20 12:28:05,49,52,10896,29537
2023-12-20 12:28:05,48,52,10896,29537
2023-12-20 12:28:06,49,52,10896,29537
2023-12-20 12:28:06,49,51,10896,29537
2023-12-20 12:28:07,49,52,10896,29537
2023-12-20 12:28:12,49,51,10896,29537
2023-12-20 12:28:16,48,51,10896,29537
2023-12-20 12:28:16,48,51,10896,29537
2023-12-20 12:28:16,50,51,10896,29537
2023-12-20 12:28:16,48,51,10896,29537
2023-12-20 12:28:16,50,51,10896,29537
2023-12-20 12:28:18,48,51,10727,29706
2023-12-20 12:28:18,49,51,10727,29706
2023-12-20 12:28:26,49,52,10727,29706
2023-12-20 12:28:26,48,51,10727,29706
2023-12-20 12:28:26,50,51,10727,29706
2023-12-20 12:28:31,50,52,10727,29706
2023-12-20 12:28:31,49,52,10727,29706
2023-12-20 12:28:31,50,52,10727,29706
2023-12-20 12:28:40,50,51,10727,29706
2023-12-20 12:28:41,50,52,10727,29706
2023-12-20 12:29:15,49,52,10727,29706
2023-12-20 12:29:15,51,52,10727,29706
2023-12-20 12:29:15,49,52,10727,29706
2023-12-20 12:29:15,51,52,10727,29706
2023-12-20 12:29:23,49,52,10586,29847
2023-12-20 12:29:23,50,52,10586,29847
2023-12-20 12:29:39,50,53,10586,29847
2023-12-20 12:29:39,51,53,10586,29847
2023-12-20 12:29:41,50,53,10586,29847
2023-12-20 12:29:41,51,53,10586,29847
2023-12-20 12:29:51,50,53,10586,29847
2023-12-20 12:29:51,51,53,10586,29847
2023-12-20 12:29:58,51,52,10586,29847
2023-12-20 12:30:01,51,53,10586,29847
2023-12-20 12:30:04,49,53,10586,29847
2023-12-20 12:30:05,50,53,10586,29847
2023-12-20 12:30:05,50,52,10586,29847
2023-12-20 12:30:07,50,53,10586,29847
2023-12-20 12:30:07,49,53,10586,29847
2023-12-20 12:30:07,50,53,10586,29847
2023-12-20 12:30:07,50,52,10586,29847
2023-12-20 12:30:09,50,53,10586,29847
2023-12-20 12:30:13,50,52,10586,29847
2023-12-20 12:30:14,48,52,10586,29847
2023-12-20 12:30:14,49,52,10586,29847
2023-12-20 12:30:17,49,52,10636,30097
2023-12-20 12:30:20,49,53,10636,30097
2023-12-20 12:30:21,49,52,10636,30097
2023-12-20 12:30:21,50,52,10636,30097
2023-12-20 12:30:24,50,53,10636,30097
2023-12-20 12:30:25,50,52,10636,30097
2023-12-20 12:30:26,50,53,10636,30097
2023-12-20 12:30:28,50,52,10636,30097
2023-12-20 12:30:30,51,52,10636,30097
2023-12-20 12:30:31,49,52,10636,30097
2023-12-20 12:30:31,50,52,10636,30097
2023-12-20 12:30:33,50,53,10636,30097
2023-12-20 12:30:33,49,53,10636,30097
2023-12-20 12:30:35,50,53,10636,30097
2023-12-20 12:30:35,50,52,10636,30097
2023-12-20 12:30:41,51,52,10636,30097
2023-12-20 12:30:43,49,52,10636,30097
2023-12-20 12:30:43,50,52,10636,30097
2023-12-20 12:30:49,50,53,10636,30097
2023-12-20 12:30:50,50,53,10636,30097
2023-12-20 12:30:50,50,52,10636,30097
2023-12-20 12:31:02,51,52,10636,30097
2023-12-20 12:31:02,51,53,10636,30097
2023-12-20 12:31:06,50,53,10636,30097
2023-12-20 12:31:10,51,53,10636,30097
2023-12-20 12:31:14,52,53,10636,30097
2023-12-20 12:31:14,52,53,10636,30347
2023-12-20 12:31:15,52,53,10636,30597
2023-12-20 12:31:19,52,53,10636,30797
2023-12-20 12:31:22,52,53,10636,31047
2023-12-20 12:31:31,52,53,10636,31297
2023-12-20 12:31:39,52,53,10636,31497
2023-12-20 12:31:41,52,53,10636,31747
2023-12-20 12:31:44,52,53,10336,32047
2023-12-20 12:31:57,51,53,10336,32047
2023-12-20 12:31:57,52,53,10336,32047
2023-12-20 12:31:59,51,53,10336,32047
2023-12-20 12:32:01,52,53,10336,32047
2023-12-20 12:32:03,52,53,10036,32347
2023-12-20 12:32:04,52,55,10036,32597
2023-12-20 12:32:04,53,55,10036,32597
2023-12-20 12:32:08,52,55,10036,32597
2023-12-20 12:32:08,54,55,10036,32597
2023-12-20 12:32:24,54,55,10236,32797
2023-12-20 12:32:33,54,55,10236,33097
2023-12-20 12:32:34,54,55,10436,33297
2023-12-20 12:32:40,54,57,10579,33440
2023-12-20 12:32:40,55,57,10579,33440
2023-12-20 12:32:43,55,58,10579,33440
2023-12-20 12:32:43,55,59,10579,33440
2023-12-20 12:32:43,56,59,10579,33440
2023-12-20 12:32:44,55,59,10579,33440
2023-12-20 12:32:44,56,59,10579,33440
2023-12-20 12:32:50,55,59,10579,33440
2023-12-20 12:32:52,56,59,10579,33440
2023-12-20 12:32:56,57,59,10579,33440
2023-12-20 12:32:59,58,59,10579,33440
2023-12-20 12:32:59,58,60,10579,33440
2023-12-20 12:33:02,57,60,10579,33440
2023-12-20 12:33:02,57,59,10579,33440
2023-12-20 12:33:03,57,60,10579,33440
2023-12-20 12:33:05,57,59,10579,33440
2023-12-20 12:33:08,56,59,10579,33440
2023-12-20 12:33:11,57,59,10579,33440
2023-12-20 12:33:12,57,60,10579,33440
2023-12-20 12:33:14,58,60,10579,33440
2023-12-20 12:33:16,58,61,10579,33440
2023-12-20 12:33:17,60,61,10579,33440
2023-12-20 12:33:25,60,62,10579,33440
2023-12-20 12:33:26,60,61,10579,33440
2023-12-20 12:33:31,58,61,10579,33440
2023-12-20 12:33:32,58,60,10579,33440
2023-12-20 12:33:41,58,61,10579,33440
2023-12-20 12:33:42,59,61,10579,33440
2023-12-20 12:33:45,59,60,10579,33440
2023-12-20 12:33:56,59,60,10579,33440
2023-12-20 12:33:57,59,61,10579,33440
2023-12-20 12:33:57,58,61,10579,33440
2023-12-20 12:33:59,58,60,10579,33440
2023-12-20 12:34:01,59,60,10579,33440
2023-12-20 12:34:01,59,61,10579,33440
2023-12-20 12:34:02,59,60,10579,33440
2023-12-20 12:34:07,58,60,10579,33440
2023-12-20 12:34:08,57,60,10579,33440
2023-12-20 12:34:10,57,59,10579,33440
2023-12-20 12:34:14,56,59,10579,33440
2023-12-20 12:34:18,57,59,10579,33440
2023-12-20 12:34:34,56,59,10579,33440
2023-12-20 12:34:34,57,59,10579,33440
2023-12-20 12:34:36,56,59,10579,33440
2023-12-20 12:34:39,56,58,10579,33440
2023-12-20 12:34:40,56,59,10579,33440
2023-12-20 12:34:40,56,58,10579,33440
2023-12-20 12:34:42,56,59,10579,33440
2023-12-20 12:34:43,56,58,10579,33440
2023-12-20 12:34:47,55,58,10579,33440
2023-12-20 12:34:53,56,58,10579,33440
2023-12-20 12:34:55,56,57,10579,33440
2023-12-20 12:34:58,56,58,10579,33440
2023-12-20 12:34:59,56,57,10579,33440
2023-12-20 12:35:01,56,58,10579,33440
2023-12-20 12:35:05,56,57,10579,33440
2023-12-20 12:35:06,56,58,10579,33440
2023-12-20 12:35:18,56,57,10579,33440
2023-12-20 12:35:19,56,58,10579,33440
2023-12-20 12:35:32,55,58,10579,33440
2023-12-20 12:35:32,55,59,10579,33440
2023-12-20 12:35:33,56,59,10579,33440
2023-12-20 12:35:46,55,58,10579,33440
2023-12-20 12:35:46,55,59,10579,33440
2023-12-20 12:35:46,55,58,10579,33440
2023-12-20 12:35:46,57,58,10579,33440
2023-12-20 12:35:46,55,58,10579,33440
2023-12-20 12:35:46,57,58,10579,33440
2023-12-20 12:35:49,55,58,10579,33440
2023-12-20 12:35:49,56,58,10579,33440
2023-12-20 12:35:51,55,58,10579,33440
2023-12-20 12:35:51,56,58,10579,33440
2023-12-20 12:35:58,56,57,10579,33440
2023-12-20 12:35:59,56,58,10579,33440
2023-12-20 12:36:00,56,57,10579,33440
2023-12-20 12:36:02,56,58,10579,33440
2023-12-20 12:36:08,56,59,10579,33440
2023-12-20 12:36:08,55,59,10579,33440
2023-12-20 12:36:08,55,58,10579,33440
2023-12-20 12:36:08,57,58,10579,33440
2023-12-20 12:36:12,55,58,10579,33440
2023-12-20 12:36:12,56,58,10579,33440
2023-12-20 12:36:16,56,59,10579,33440
2023-12-20 12:36:16,55,58,10579,33440
2023-12-20 12:36:16,56,58,10579,33440
2023-12-20 12:36:42,55,58,10579,33440
2023-12-20 12:36:42,55,59,10579,33440
2023-12-20 12:36:42,55,58,10579,33440
2023-12-20 12:36:49,56,57,10579,33440
2023-12-20 12:36:58,55,57,10579,33440
2023-12-20 12:36:58,55,58,10579,33440
2023-12-20 12:36:59,56,58,10579,33440
2023-12-20 12:36:59,56,57,10579,33440
2023-12-20 12:37:03,56,59,10579,33440
2023-12-20 12:37:03,56,58,10579,33440
2023-12-20 12:37:06,56,59,10579,33440
2023-12-20 12:37:09,56,58,10579,33440
2023-12-20 12:37:20,56,59,10579,33440
2023-12-20 12:37:23,56,58,10579,33440
2023-12-20 12:37:30,56,59,10579,33440
2023-12-20 12:37:30,57,59,10579,33440
2023-12-20 12:37:34,57,58,10579,33440
2023-12-20 12:37:35,55,58,10579,33440
2023-12-20 12:37:35,56,58,10579,33440
2023-12-20 12:37:42,55,58,10579,33440
2023-12-20 12:37:42,55,59,10579,33440
2023-12-20 12:37:42,55,58,10579,33440
2023-12-20 12:37:42,56,58,10579,33440
2023-12-20 12:37:46,56,59,10579,33440
2023-12-20 12:37:46,55,58,10579,33440
2023-12-20 12:37:49,55,58,10579,33440
2023-12-20 12:37:49,56,58,10579,33440
2023-12-20 12:37:57,57,58,10579,33440
2023-12-20 12:38:09,57,59,10579,33440
2023-12-20 12:38:09,55,58,10579,33440
2023-12-20 12:38:09,57,58,10579,33440
2023-12-20 12:38:09,55,58,10579,33440
2023-12-20 12:38:09,57,58,10579,33440
2023-12-20 12:38:09,55,58,10579,33440
2023-12-20 12:38:09,57,58,10579,33440
2023-12-20 12:38:21,57,59,10579,33440
2023-12-20 12:38:25,57,58,10579,33440
2023-12-20 12:38:27,56,58,10579,33440
2023-12-20 12:38:28,57,58,10579,33440
2023-12-20 12:38:30,55,58,10579,33440
2023-12-20 12:38:30,55,59,10579,33440
2023-12-20 12:38:32,56,59,10579,33440
2023-12-20 12:38:32,56,58,10579,33440
2023-12-20 12:38:43,55,58,10579,33440
2023-12-20 12:38:44,56,58,10579,33440
2023-12-20 12:38:45,56,57,10579,33440
2023-12-20 12:38:46,56,58,10579,33440
2023-12-20 12:38:47,56,57,10579,33440
2023-12-20 12:38:50,55,57,10579,33440
2023-12-20 12:38:50,56,57,10579,33440
2023-12-20 12:38:53,54,57,10579,33440
2023-12-20 12:39:02,54,56,10579,33440
2023-12-20 12:39:04,53,56,10579,33440
2023-12-20 12:39:10,54,56,10579,33440
2023-12-20 12:39:19,54,57,10579,33440
2023-12-20 12:39:19,54,56,10579,33440
2023-12-20 12:39:21,55,57,10579,33440
2023-12-20 12:39:23,55,56,10579,33440
2023-12-20 12:39:47,54,56,10579,33440
2023-12-20 12:39:48,53,56,10579,33440
