datetime,bid,ask,open_interest,volume
2023-09-28 09:30:01,18,28,0,0
2023-09-28 09:30:01,0,28,0,0
2023-09-28 09:30:01,0,40,0,0
2023-09-28 09:30:02,12,40,0,0
2023-09-28 09:31:00,23,40,0,0
2023-09-28 09:31:00,23,26,0,0
2023-09-28 09:31:25,24,26,0,0
2023-09-28 09:32:03,23,26,0,0
2023-09-28 09:32:07,24,26,0,0
2023-09-28 09:32:32,24,26,5,5
2023-09-28 09:32:56,23,26,5,5
2023-09-28 09:33:25,24,26,5,5
2023-09-28 09:33:33,23,26,5,5
2023-09-28 09:33:33,23,26,155,155
2023-09-28 09:33:34,24,26,155,155
2023-09-28 09:34:40,24,27,155,155
2023-09-28 09:38:03,24,26,155,155
2023-09-28 09:38:04,24,27,155,155
2023-09-28 09:44:47,24,26,155,155
2023-09-28 09:44:48,24,27,155,155
2023-09-28 09:47:18,26,27,155,155
2023-09-28 09:47:49,26,27,275,275
2023-09-28 09:52:12,26,28,275,275
2023-09-28 09:53:52,26,27,275,275
2023-09-28 09:54:02,26,28,275,275
2023-09-28 09:59:33,26,28,330,455
2023-09-28 10:00:12,25,28,330,455
2023-09-28 10:00:13,25,27,330,455
2023-09-28 10:00:30,25,28,330,455
2023-09-28 10:00:32,25,27,330,455
2023-09-28 10:00:52,25,27,330,456
2023-09-28 10:01:09,25,27,330,457
2023-09-28 10:01:19,25,28,330,457
2023-09-28 10:01:20,25,27,330,457
2023-09-28 10:01:24,25,27,302,607
2023-09-28 10:01:49,25,28,302,607
2023-09-28 10:01:50,25,27,302,607
2023-09-28 10:02:31,24,27,302,607
2023-09-28 10:02:40,25,27,302,607
2023-09-28 10:02:45,24,27,302,607
2023-09-28 10:02:46,25,27,302,607
2023-09-28 10:02:47,24,27,302,607
2023-09-28 10:02:53,23,27,1502,1807
2023-09-28 10:02:54,23,26,1502,1807
2023-09-28 10:02:55,23,27,1502,1807
2023-09-28 10:02:55,23,26,1502,1807
2023-09-28 10:03:02,23,27,1502,1807
2023-09-28 10:03:02,23,26,1502,1807
2023-09-28 10:03:14,23,27,1502,1807
2023-09-28 10:03:14,23,26,1502,1807
2023-09-28 10:03:15,23,26,1502,1817
2023-09-28 10:05:32,23,27,1502,1817
2023-09-28 10:05:35,25,27,1502,1817
2023-09-28 10:06:31,25,28,1502,1817
2023-09-28 10:06:33,25,27,1502,1817
2023-09-28 10:06:35,25,28,1502,1817
2023-09-28 10:07:33,25,27,1502,1817
2023-09-28 10:09:09,25,26,1502,1817
2023-09-28 10:09:32,25,27,1502,1817
2023-09-28 10:09:40,25,26,1502,1817
2023-09-28 10:10:00,25,27,1502,1817
2023-09-28 10:10:24,25,26,1502,1817
2023-09-28 10:10:25,25,27,1746,2061
2023-09-28 10:10:30,26,27,1746,2061
2023-09-28 10:10:41,25,27,1746,2061
2023-09-28 10:10:51,25,26,1746,2061
2023-09-28 10:10:55,25,27,1746,2061
2023-09-28 10:11:00,25,26,1746,2061
2023-09-28 10:11:01,25,27,1746,2061
2023-09-28 10:11:09,25,26,1746,2061
2023-09-28 10:11:10,25,27,1746,2061
2023-09-28 10:11:14,25,26,1746,2061
2023-09-28 10:11:15,25,27,1746,2061
2023-09-28 10:11:18,25,26,1746,2061
2023-09-28 10:11:19,25,27,1746,2061
2023-09-28 10:11:37,25,26,1746,2061
2023-09-28 10:11:42,25,27,1746,2061
2023-09-28 10:11:43,25,26,1746,2061
2023-09-28 10:11:52,25,27,1746,2061
2023-09-28 10:12:00,25,26,1746,2061
2023-09-28 10:12:04,25,27,1746,2061
2023-09-28 10:12:25,26,27,1746,2061
2023-09-28 10:12:27,25,27,1746,2061
2023-09-28 10:12:29,25,26,1746,2061
2023-09-28 10:12:40,25,27,1746,2061
2023-09-28 10:12:58,25,26,1746,2061
2023-09-28 10:12:59,25,27,1746,2061
2023-09-28 10:13:03,26,27,1746,2061
2023-09-28 10:13:04,26,28,1746,2061
2023-09-28 10:15:26,26,27,1746,2061
2023-09-28 10:15:27,26,28,1746,2061
2023-09-28 10:15:38,26,27,1746,2061
2023-09-28 10:15:40,26,28,1746,2061
2023-09-28 10:15:58,27,28,1746,2061
2023-09-28 10:16:17,27,29,1746,2061
2023-09-28 10:16:29,27,28,1746,2061
2023-09-28 10:16:30,27,29,1941,2256
2023-09-28 10:16:32,27,28,1941,2256
2023-09-28 10:16:34,27,28,2191,2506
2023-09-28 10:16:34,27,29,2191,2506
2023-09-28 10:16:40,28,29,2191,2506
2023-09-28 10:17:05,27,29,2191,2506
2023-09-28 10:17:06,27,28,2191,2506
2023-09-28 10:17:07,27,28,2441,2756
2023-09-28 10:17:08,27,29,2441,2756
2023-09-28 10:17:14,28,29,2441,2756
2023-09-28 10:18:14,27,29,2441,2756
2023-09-28 10:18:15,28,29,2441,2756
2023-09-28 10:18:16,27,29,2441,2756
2023-09-28 10:18:19,28,29,2441,2756
2023-09-28 10:18:22,27,29,2441,2756
2023-09-28 10:18:23,27,28,2441,2756
2023-09-28 10:18:25,27,29,2441,2756
2023-09-28 10:18:28,28,29,2441,2756
2023-09-28 10:18:29,27,29,2441,2756
2023-09-28 10:18:30,27,30,2441,2756
2023-09-28 10:18:30,28,30,2441,2756
2023-09-28 10:18:31,27,30,2441,2756
2023-09-28 10:18:31,27,29,2441,2756
2023-09-28 10:18:32,27,28,2441,2756
2023-09-28 10:18:33,27,29,2441,2756
2023-09-28 10:18:35,28,29,2441,2756
2023-09-28 10:18:36,27,29,2441,2756
2023-09-28 10:18:39,28,29,2441,2756
2023-09-28 10:18:40,28,30,2441,2756
2023-09-28 10:18:42,27,30,2441,2756
2023-09-28 10:18:42,27,29,2441,2756
2023-09-28 10:18:44,28,29,2441,2756
2023-09-28 10:18:45,27,29,2441,2756
2023-09-28 10:18:46,28,29,2441,2756
2023-09-28 10:18:47,28,30,2441,2756
2023-09-28 10:18:48,28,29,2441,2756
2023-09-28 10:18:53,28,30,2441,2756
2023-09-28 10:18:58,28,29,2441,2756
2023-09-28 10:19:00,27,29,2441,2756
2023-09-28 10:19:04,28,29,2441,2756
2023-09-28 10:19:04,28,30,2441,2756
2023-09-28 10:19:12,28,29,2441,2756
2023-09-28 10:19:13,28,30,2441,2756
2023-09-28 10:19:22,28,29,2441,2756
2023-09-28 10:19:23,28,30,2441,2756
2023-09-28 10:19:45,28,29,2441,2756
2023-09-28 10:19:46,27,29,2441,2756
2023-09-28 10:19:52,28,29,2441,2756
2023-09-28 10:19:55,28,30,2441,2756
2023-09-28 10:19:56,28,29,2441,2756
2023-09-28 10:19:57,28,30,2441,2756
2023-09-28 10:19:58,28,29,2441,2756
2023-09-28 10:19:59,28,30,2441,2756
2023-09-28 10:20:02,28,29,2441,2756
2023-09-28 10:20:08,28,29,2441,2876
2023-09-28 10:20:12,27,29,2441,2876
2023-09-28 10:20:25,28,29,2441,2876
2023-09-28 10:20:28,27,29,2441,2876
2023-09-28 10:21:58,27,29,2621,3056
2023-09-28 10:23:03,28,29,2621,3056
2023-09-28 10:23:05,27,29,2621,3056
2023-09-28 10:23:26,28,29,2621,3056
2023-09-28 10:23:32,27,29,2621,3056
2023-09-28 10:23:36,28,29,2621,3056
2023-09-28 10:23:39,28,30,2621,3056
2023-09-28 10:23:40,28,29,2621,3056
2023-09-28 10:23:41,27,29,2621,3056
2023-09-28 10:23:45,27,28,2621,3056
2023-09-28 10:23:46,27,28,2871,3306
2023-09-28 10:23:51,27,29,2871,3306
2023-09-28 10:23:51,28,29,2871,3306
2023-09-28 10:23:53,27,29,2871,3306
2023-09-28 10:23:59,28,29,2871,3306
2023-09-28 10:24:00,27,29,2871,3306
2023-09-28 10:24:01,28,29,2871,3306
2023-09-28 10:24:04,28,30,2871,3306
2023-09-28 10:24:06,28,29,2871,3306
2023-09-28 10:24:09,27,29,2871,3306
2023-09-28 10:24:10,28,29,2871,3306
2023-09-28 10:24:12,27,29,2871,3306
2023-09-28 10:24:46,28,29,2871,3306
2023-09-28 10:24:49,27,29,2871,3306
2023-09-28 10:24:53,28,29,2871,3306
2023-09-28 10:24:54,27,29,2871,3306
2023-09-28 10:24:56,28,29,2871,3306
2023-09-28 10:24:57,28,30,2871,3306
2023-09-28 10:24:58,28,29,2871,3306
2023-09-28 10:25:00,28,30,2871,3306
2023-09-28 10:25:02,28,29,2871,3306
2023-09-28 10:25:04,27,29,2871,3306
2023-09-28 10:25:07,28,29,2871,3306
2023-09-28 10:25:08,27,29,2871,3306
2023-09-28 10:25:36,28,29,2871,3306
2023-09-28 10:25:37,28,30,2871,3306
2023-09-28 10:25:50,27,30,2871,3306
2023-09-28 10:25:50,27,29,2871,3306
2023-09-28 10:26:02,27,30,2871,3306
2023-09-28 10:26:02,28,30,2871,3306
2023-09-28 10:26:11,29,30,2871,3306
2023-09-28 10:29:01,28,30,3071,3506
2023-09-28 10:29:01,28,29,3071,3506
2023-09-28 10:29:09,28,30,3071,3506
2023-09-28 10:29:19,28,29,3071,3506
2023-09-28 10:29:20,28,30,3071,3506
2023-09-28 10:29:21,28,29,3071,3506
2023-09-28 10:29:23,28,30,3071,3506
2023-09-28 10:29:24,28,29,3071,3506
2023-09-28 10:29:25,28,30,3071,3506
2023-09-28 10:29:28,28,29,3071,3506
2023-09-28 10:29:31,27,29,3071,3506
2023-09-28 10:29:32,28,29,3071,3506
2023-09-28 10:29:34,27,29,3071,3506
2023-09-28 10:29:35,27,30,3071,3506
2023-09-28 10:29:35,28,30,3071,3506
2023-09-28 10:29:37,28,29,3071,3506
2023-09-28 10:29:43,28,30,3071,3506
2023-09-28 10:29:51,29,30,3071,3506
2023-09-28 10:34:53,29,31,3071,3706
2023-09-28 10:34:55,30,31,3071,3706
2023-09-28 10:34:56,29,31,3071,3706
2023-09-28 10:34:57,30,31,3071,3706
2023-09-28 10:35:09,29,31,3071,3706
2023-09-28 10:35:14,30,31,3071,3706
2023-09-28 10:35:21,29,31,3071,3706
2023-09-28 10:35:22,29,30,3071,3706
2023-09-28 10:35:57,29,31,3071,3706
2023-09-28 10:36:01,30,31,3071,3706
2023-09-28 10:36:11,29,31,3071,3706
2023-09-28 10:36:15,30,31,3071,3706
2023-09-28 10:36:23,29,31,3071,3706
2023-09-28 10:36:33,30,31,3071,3706
2023-09-28 10:36:34,29,31,3071,3706
2023-09-28 10:36:39,30,31,3071,3706
2023-09-28 10:36:41,29,31,3071,3706
2023-09-28 10:36:51,30,31,3071,3706
2023-09-28 10:36:59,29,31,3071,3706
2023-09-28 10:37:03,30,31,3071,3706
2023-09-28 10:37:05,29,31,3071,3706
2023-09-28 10:37:20,29,30,3071,3706
2023-09-28 10:37:23,29,31,3071,3706
2023-09-28 10:37:26,30,31,3071,3706
2023-09-28 10:37:27,29,31,3071,3706
2023-09-28 10:37:35,29,30,3071,3706
2023-09-28 10:37:40,29,31,3071,3706
2023-09-28 10:37:53,30,31,3071,3706
2023-09-28 10:37:56,29,31,3071,3706
2023-09-28 10:37:57,30,31,3071,3706
2023-09-28 10:38:00,29,31,3071,3706
2023-09-28 10:38:05,29,30,3071,3706
2023-09-28 10:38:07,29,31,3071,3706
2023-09-28 10:38:08,30,31,3071,3706
2023-09-28 10:38:10,29,31,3071,3706
2023-09-28 10:38:11,29,30,3071,3706
2023-09-28 10:38:35,29,31,3071,3706
2023-09-28 10:38:49,30,31,3071,3706
2023-09-28 10:38:54,29,31,3071,3706
2023-09-28 10:39:00,29,30,3071,3706
2023-09-28 10:39:05,29,31,3071,3706
2023-09-28 10:39:06,29,30,3071,3706
2023-09-28 10:39:33,29,31,3071,3706
2023-09-28 10:39:36,29,30,3071,3706
2023-09-28 10:39:48,29,31,3071,3706
2023-09-28 10:39:50,29,30,3071,3706
2023-09-28 10:40:01,29,30,3471,4106
2023-09-28 10:40:15,29,31,3471,4106
2023-09-28 10:40:19,30,31,3471,4106
2023-09-28 10:40:21,29,31,3471,4106
2023-09-28 10:40:25,29,30,3471,4106
2023-09-28 10:40:29,29,31,3471,4106
2023-09-28 10:40:31,30,31,3471,4106
2023-09-28 10:40:32,29,31,3471,4106
2023-09-28 10:40:33,29,30,3471,4106
2023-09-28 10:40:34,29,31,3471,4106
2023-09-28 10:40:35,29,30,3471,4106
2023-09-28 10:40:39,29,31,3471,4106
2023-09-28 10:40:41,29,30,3471,4106
2023-09-28 10:40:49,29,31,3471,4106
2023-09-28 10:40:50,30,31,3471,4106
2023-09-28 10:40:54,29,31,3471,4106
2023-09-28 10:41:00,30,31,3471,4106
2023-09-28 10:41:04,29,31,3471,4106
2023-09-28 10:41:06,30,31,3471,4106
2023-09-28 10:41:34,29,31,3471,4106
2023-09-28 10:41:41,30,31,3471,4106
2023-09-28 10:41:45,29,31,3471,4106
2023-09-28 10:41:47,30,31,3471,4106
2023-09-28 10:41:48,29,31,3471,4106
2023-09-28 10:41:49,29,30,3471,4106
2023-09-28 10:42:05,29,31,3471,4106
2023-09-28 10:42:06,29,30,3471,4106
2023-09-28 10:42:14,29,31,3471,4106
2023-09-28 10:42:20,29,30,3471,4106
2023-09-28 10:42:22,29,31,3471,4106
2023-09-28 10:42:23,29,30,3471,4106
2023-09-28 10:42:26,29,31,3471,4106
2023-09-28 10:42:32,30,31,3471,4106
2023-09-28 10:42:34,29,31,3471,4106
2023-09-28 10:42:39,29,31,3491,4126
2023-09-28 10:42:42,30,31,3491,4126
2023-09-28 10:42:48,29,31,3491,4126
2023-09-28 10:42:53,29,30,3491,4126
2023-09-28 10:42:58,29,31,3491,4126
2023-09-28 10:42:59,29,30,3491,4126
2023-09-28 10:43:01,29,31,3491,4126
2023-09-28 10:43:09,30,31,3491,4126
2023-09-28 10:43:11,29,31,3491,4126
2023-09-28 10:43:22,29,30,3491,4126
2023-09-28 10:43:24,29,31,3491,4126
2023-09-28 10:43:25,30,31,3491,4126
2023-09-28 10:43:26,29,31,3491,4126
2023-09-28 10:43:41,30,31,3491,4126
2023-09-28 10:43:43,30,31,3491,4192
2023-09-28 10:43:57,29,31,3491,4192
2023-09-28 10:44:06,29,30,3491,4192
2023-09-28 10:44:11,29,31,3491,4192
2023-09-28 10:44:13,30,31,3491,4192
2023-09-28 10:44:15,30,31,3291,4392
2023-09-28 10:44:15,29,31,3291,4392
2023-09-28 10:44:16,29,30,3291,4392
2023-09-28 10:44:37,29,30,3291,4412
2023-09-28 10:45:12,28,30,3291,4412
2023-09-28 10:45:13,28,29,3291,4412
2023-09-28 10:45:14,28,30,3291,4412
2023-09-28 10:45:45,29,30,3291,4412
2023-09-28 10:45:46,28,30,3291,4412
2023-09-28 10:46:01,29,30,3291,4412
2023-09-28 10:46:05,28,30,3291,4412
2023-09-28 10:46:10,29,30,3291,4412
2023-09-28 10:46:11,28,30,3291,4412
2023-09-28 10:46:14,29,30,3291,4412
2023-09-28 10:46:18,28,30,3291,4412
2023-09-28 10:46:34,28,29,3291,4412
2023-09-28 10:46:36,28,30,3291,4412
2023-09-28 10:46:36,28,29,3291,4412
2023-09-28 10:46:44,28,30,3291,4412
2023-09-28 10:47:06,28,30,3491,4762
2023-09-28 10:47:07,27,29,3491,4762
2023-09-28 10:47:35,27,28,3491,4762
2023-09-28 10:47:41,27,29,3491,4762
2023-09-28 10:47:42,27,28,3491,4762
2023-09-28 10:48:08,27,28,3891,5162
2023-09-28 10:48:51,26,28,3891,5162
2023-09-28 10:49:04,27,28,3891,5162
2023-09-28 10:49:22,26,28,3891,5162
2023-09-28 10:49:24,27,28,3891,5162
2023-09-28 10:49:27,26,28,3891,5162
2023-09-28 10:49:28,27,28,3891,5162
2023-09-28 10:49:31,26,28,3891,5162
2023-09-28 10:49:37,26,27,3891,5162
2023-09-28 10:49:42,25,27,3891,5162
2023-09-28 10:49:44,25,28,3891,5162
2023-09-28 10:49:44,26,28,3891,5162
2023-09-28 10:49:44,25,28,3891,5162
2023-09-28 10:49:45,25,27,3891,5162
2023-09-28 10:49:47,26,27,3891,5162
2023-09-28 10:49:48,26,28,3891,5162
2023-09-28 10:49:57,26,27,3891,5162
2023-09-28 10:49:58,26,28,3891,5162
2023-09-28 10:49:59,26,27,3891,5162
2023-09-28 10:50:01,26,28,3891,5162
2023-09-28 10:50:18,26,27,3891,5162
2023-09-28 10:50:20,26,28,3891,5162
2023-09-28 10:50:22,25,28,3891,5162
2023-09-28 10:50:22,25,27,3891,5162
2023-09-28 10:50:36,26,27,3891,5162
2023-09-28 10:50:38,25,27,3891,5162
2023-09-28 10:50:45,25,26,3891,5162
2023-09-28 10:50:48,25,27,3891,5162
2023-09-28 10:51:00,26,27,3891,5162
2023-09-28 10:51:03,26,28,3891,5162
2023-09-28 10:51:06,25,28,3891,5162
2023-09-28 10:51:06,25,28,3491,5562
2023-09-28 10:51:07,26,28,3491,5562
2023-09-28 10:51:07,27,28,3491,5562
2023-09-28 10:51:10,26,28,3491,5562
2023-09-28 10:51:11,27,28,3491,5562
2023-09-28 10:51:12,26,28,3491,5562
2023-09-28 10:51:18,26,27,3491,5562
2023-09-28 10:52:01,26,27,3517,5588
2023-09-28 10:52:24,26,28,3517,5588
2023-09-28 10:52:33,26,27,3517,5588
2023-09-28 10:52:34,26,28,3517,5588
2023-09-28 10:52:37,25,28,3917,5988
2023-09-28 10:52:37,25,27,3917,5988
2023-09-28 10:52:38,25,26,3917,5988
2023-09-28 10:52:39,25,27,4146,6217
2023-09-28 10:52:41,26,27,4146,6217
2023-09-28 10:52:43,26,28,4146,6217
2023-09-28 10:52:52,26,27,4146,6217
2023-09-28 10:52:53,25,27,4146,6217
2023-09-28 10:53:20,26,27,4146,6217
2023-09-28 10:53:22,26,28,4146,6217
2023-09-28 10:53:29,26,27,4146,6217
2023-09-28 10:53:34,25,27,4146,6217
2023-09-28 10:53:47,26,27,4146,6217
2023-09-28 10:53:50,25,27,4146,6217
2023-09-28 10:53:52,26,27,4146,6217
2023-09-28 10:53:56,26,28,4146,6217
2023-09-28 10:54:00,26,28,4146,6221
2023-09-28 10:54:00,26,27,4146,6221
2023-09-28 10:54:01,25,27,4146,6221
2023-09-28 10:54:46,25,26,4146,6221
2023-09-28 10:54:47,25,27,4146,6221
2023-09-28 10:54:48,25,26,4146,6221
2023-09-28 10:55:30,24,26,4346,6421
2023-09-28 10:55:31,24,25,4346,6421
2023-09-28 10:55:32,23,25,4346,6421
2023-09-28 10:55:38,24,25,4346,6421
2023-09-28 10:55:39,24,26,4346,6421
2023-09-28 10:55:40,24,25,4346,6421
2023-09-28 10:55:41,24,26,4346,6421
2023-09-28 10:55:50,24,25,4346,6421
2023-09-28 10:55:53,24,26,4346,6421
2023-09-28 10:55:58,24,25,4346,6421
2023-09-28 10:56:01,23,25,4346,6421
2023-09-28 10:56:05,24,25,4346,6421
2023-09-28 10:56:07,24,26,4346,6421
2023-09-28 10:56:08,23,26,4346,6421
2023-09-28 10:56:08,23,25,4346,6421
2023-09-28 10:56:10,24,25,4346,6421
2023-09-28 10:56:11,24,26,4346,6421
2023-09-28 10:56:15,24,25,4346,6421
2023-09-28 10:56:18,24,26,4346,6421
2023-09-28 10:56:31,24,25,4346,6421
2023-09-28 10:56:32,24,26,4346,6421
2023-09-28 10:56:35,24,25,4346,6421
2023-09-28 10:56:36,24,26,4346,6421
2023-09-28 10:56:39,24,25,4346,6421
2023-09-28 10:56:40,24,26,4346,6421
2023-09-28 10:56:59,24,25,4346,6421
2023-09-28 10:57:05,24,26,4346,6421
2023-09-28 10:57:06,24,25,4346,6421
2023-09-28 10:57:07,24,26,4346,6421
2023-09-28 10:57:20,24,25,4346,6421
2023-09-28 10:57:28,24,26,4346,6421
2023-09-28 10:57:30,25,26,4346,6421
2023-09-28 10:57:32,25,27,4346,6421
2023-09-28 10:57:45,25,28,4346,6421
2023-09-28 10:57:55,26,28,4346,6421
2023-09-28 10:58:07,26,27,4346,6421
2023-09-28 10:58:08,25,27,4346,6421
2023-09-28 10:58:32,25,27,4466,6541
2023-09-28 10:58:34,24,27,4466,6541
2023-09-28 10:58:36,24,26,4466,6541
2023-09-28 10:58:56,25,26,4466,6541
2023-09-28 10:58:58,24,26,4466,6541
2023-09-28 10:58:59,24,25,4466,6541
2023-09-28 10:59:32,24,26,4466,6541
2023-09-28 10:59:34,24,25,4466,6541
2023-09-28 10:59:35,24,26,4466,6541
2023-09-28 10:59:39,24,25,4466,6541
2023-09-28 10:59:55,24,26,4466,6541
2023-09-28 10:59:59,24,25,4466,6541
2023-09-28 11:00:11,24,26,4466,6541
2023-09-28 11:00:12,24,25,4466,6541
2023-09-28 11:00:20,24,26,4466,6541
2023-09-28 11:00:21,24,25,4466,6541
2023-09-28 11:00:24,23,25,4466,6541
2023-09-28 11:00:26,24,25,4466,6541
2023-09-28 11:00:29,24,26,4466,6541
2023-09-28 11:00:39,24,25,4466,6541
2023-09-28 11:00:42,24,26,4466,6541
2023-09-28 11:00:43,24,25,4466,6541
2023-09-28 11:00:51,24,26,4466,6541
2023-09-28 11:00:55,24,28,4466,6541
2023-09-28 11:00:56,25,28,4466,6541
2023-09-28 11:00:56,25,27,4466,6541
2023-09-28 11:00:58,25,27,4466,6601
2023-09-28 11:00:59,25,28,4466,6601
2023-09-28 11:01:00,25,27,4466,6601
2023-09-28 11:01:12,25,26,4466,6601
2023-09-28 11:01:15,24,26,4466,6601
2023-09-28 11:01:18,25,26,4466,6601
2023-09-28 11:01:20,25,26,4716,6851
2023-09-28 11:01:21,25,27,4716,6851
2023-09-28 11:01:23,25,28,4716,6851
2023-09-28 11:01:28,25,27,4716,6851
2023-09-28 11:01:31,25,28,4716,6851
2023-09-28 11:01:32,25,27,4716,6851
2023-09-28 11:01:38,25,28,4716,6851
2023-09-28 11:01:39,25,27,4716,6851
2023-09-28 11:01:44,24,27,4716,6851
2023-09-28 11:01:50,25,27,4716,6851
2023-09-28 11:01:53,24,27,4716,6851
2023-09-28 11:01:54,25,27,4716,6851
2023-09-28 11:01:58,25,28,4716,6851
2023-09-28 11:02:07,26,28,4716,6851
2023-09-28 11:02:20,27,28,4716,6851
2023-09-28 11:02:23,27,28,4516,7051
2023-09-28 11:02:24,26,27,4517,7052
2023-09-28 11:02:25,26,28,4517,7052
2023-09-28 11:02:27,26,27,4517,7052
2023-09-28 11:02:32,26,27,4517,7053
2023-09-28 11:03:18,26,28,4517,7053
2023-09-28 11:03:32,26,27,4517,7053
2023-09-28 11:03:52,26,28,4517,7053
2023-09-28 11:03:54,26,27,4517,7053
2023-09-28 11:04:46,26,28,4517,7053
2023-09-28 11:04:54,26,27,4517,7053
2023-09-28 11:04:55,26,28,4517,7053
2023-09-28 11:04:58,26,27,4517,7053
2023-09-28 11:05:05,26,28,4517,7053
2023-09-28 11:05:06,26,27,4517,7053
2023-09-28 11:05:06,26,27,4716,7252
2023-09-28 11:05:07,26,28,4716,7252
2023-09-28 11:05:12,26,29,4716,7252
2023-09-28 11:05:16,26,28,4716,7252
2023-09-28 11:05:17,26,29,4716,7252
2023-09-28 11:05:19,26,28,4716,7252
2023-09-28 11:05:22,26,29,4716,7252
2023-09-28 11:05:26,26,28,4716,7252
2023-09-28 11:05:54,26,27,4716,7252
2023-09-28 11:05:59,26,28,4716,7252
2023-09-28 11:06:05,26,27,4716,7252
2023-09-28 11:06:08,25,26,4719,7255
2023-09-28 11:06:09,25,27,4919,7455
2023-09-28 11:06:10,25,26,4919,7455
2023-09-28 11:06:11,25,27,5117,7653
2023-09-28 11:06:16,25,26,5117,7653
2023-09-28 11:06:22,25,27,5315,7851
2023-09-28 11:06:31,25,28,5315,7851
2023-09-28 11:06:32,25,27,5315,7851
2023-09-28 11:06:32,25,27,5312,7854
2023-09-28 11:06:35,25,28,5312,7854
2023-09-28 11:06:39,25,29,5312,7854
2023-09-28 11:06:40,26,29,5312,7854
2023-09-28 11:06:49,27,29,5312,7854
2023-09-28 11:06:56,28,29,5312,7854
2023-09-28 11:07:29,27,28,5316,7858
2023-09-28 11:07:29,27,29,5316,7858
2023-09-28 11:07:33,27,28,5316,7858
2023-09-28 11:07:34,26,28,5316,7858
2023-09-28 11:07:38,27,28,5316,7858
2023-09-28 11:07:39,26,28,5316,7858
2023-09-28 11:07:42,26,27,5316,7858
2023-09-28 11:07:43,25,27,5316,7858
2023-09-28 11:07:55,26,27,5316,7858
2023-09-28 11:07:56,25,27,5316,7858
2023-09-28 11:08:02,24,27,5316,7858
2023-09-28 11:08:03,24,26,5316,7858
2023-09-28 11:08:06,24,25,5316,7858
2023-09-28 11:08:13,24,25,5316,7862
2023-09-28 11:08:17,23,25,5316,7862
2023-09-28 11:08:28,23,25,5716,8262
2023-09-28 11:08:38,22,24,5716,8262
2023-09-28 11:08:38,23,24,5716,8262
2023-09-28 11:09:13,23,25,5716,8262
2023-09-28 11:09:14,23,24,5716,8262
2023-09-28 11:09:17,23,25,5716,8262
2023-09-28 11:09:18,24,25,5716,8262
2023-09-28 11:09:22,23,25,5716,8262
2023-09-28 11:09:26,23,24,5716,8262
2023-09-28 11:09:52,23,25,5716,8262
2023-09-28 11:09:53,23,24,5716,8262
2023-09-28 11:10:04,23,25,5716,8262
2023-09-28 11:10:05,23,24,5716,8262
2023-09-28 11:10:19,22,24,5716,8262
2023-09-28 11:10:19,23,24,5716,8262
2023-09-28 11:10:38,23,25,5920,8466
2023-09-28 11:10:40,24,25,5920,8466
2023-09-28 11:10:42,24,26,5920,8466
2023-09-28 11:10:46,24,25,5920,8466
2023-09-28 11:10:47,23,25,5920,8466
2023-09-28 11:11:18,24,25,5920,8466
2023-09-28 11:11:21,23,25,5920,8466
2023-09-28 11:11:47,22,25,5920,8466
2023-09-28 11:11:47,23,25,5920,8466
2023-09-28 11:11:47,24,25,5920,8466
2023-09-28 11:11:55,24,26,5920,8466
2023-09-28 11:11:57,25,26,5920,8466
2023-09-28 11:11:58,24,26,5920,8466
2023-09-28 11:11:59,24,25,5920,8466
2023-09-28 11:12:00,24,26,5920,8466
2023-09-28 11:12:06,24,25,5920,8466
2023-09-28 11:12:10,24,26,5920,8466
2023-09-28 11:12:13,25,26,5920,8466
2023-09-28 11:12:21,24,26,5920,8466
2023-09-28 11:12:26,24,25,5920,8466
2023-09-28 11:12:29,24,26,5920,8466
2023-09-28 11:12:30,25,26,5920,8466
2023-09-28 11:13:17,25,26,6170,8716
2023-09-28 11:13:34,25,26,6420,8966
2023-09-28 11:13:37,25,26,6520,9066
2023-09-28 11:13:37,25,26,6770,9316
2023-09-28 11:13:38,25,26,7020,9566
2023-09-28 11:13:40,25,26,7353,9899
2023-09-28 11:13:44,24,26,7353,9899
2023-09-28 11:13:44,24,26,7353,10299
2023-09-28 11:13:44,24,27,7520,10466
2023-09-28 11:13:45,25,27,7520,10466
2023-09-28 11:13:46,26,27,7520,10466
2023-09-28 11:13:50,25,27,7520,10466
2023-09-28 11:13:52,25,26,7520,10466
2023-09-28 11:14:01,25,27,7520,10466
2023-09-28 11:14:03,25,26,7520,10466
2023-09-28 11:14:07,25,27,7520,10466
2023-09-28 11:14:08,25,26,7520,10466
2023-09-28 11:14:31,24,26,7520,10466
2023-09-28 11:14:31,24,26,7570,10516
2023-09-28 11:14:32,25,26,7570,10516
2023-09-28 11:14:52,23,26,7570,10516
2023-09-28 11:14:53,25,26,7570,10516
2023-09-28 11:15:25,23,26,7670,10616
2023-09-28 11:15:26,23,25,7670,10616
2023-09-28 11:15:27,23,25,7670,10631
2023-09-28 11:15:40,23,25,7720,10681
2023-09-28 11:15:54,23,24,7720,10681
2023-09-28 11:15:56,23,24,7720,10849
2023-09-28 11:16:05,23,25,7720,10849
2023-09-28 11:16:06,23,24,7720,10849
2023-09-28 11:16:09,23,25,7720,10849
2023-09-28 11:16:21,23,26,7720,10849
2023-09-28 11:16:21,23,28,7720,10849
2023-09-28 11:16:21,23,26,7720,10849
2023-09-28 11:16:21,24,26,7720,10849
2023-09-28 11:16:22,25,26,7720,10849
2023-09-28 11:17:09,24,26,7720,10849
2023-09-28 11:17:09,25,26,7720,10849
2023-09-28 11:17:09,24,25,7870,10999
2023-09-28 11:17:10,24,26,7870,10999
2023-09-28 11:17:10,25,26,7870,10999
2023-09-28 11:17:31,25,26,7870,11099
2023-09-28 11:17:53,23,26,7870,11099
2023-09-28 11:17:53,25,26,7870,11099
2023-09-28 11:17:55,23,26,7870,11099
2023-09-28 11:17:55,25,26,7870,11099
2023-09-28 11:18:00,23,26,7870,11099
2023-09-28 11:18:01,24,26,7870,11099
2023-09-28 11:18:01,24,25,7870,11099
2023-09-28 11:18:50,24,28,8071,11604
2023-09-28 11:18:51,24,27,8071,11604
2023-09-28 11:18:52,24,26,8071,11604
2023-09-28 11:19:04,25,26,8071,11604
2023-09-28 11:19:40,24,26,8275,11808
2023-09-28 11:19:41,24,25,8275,11808
2023-09-28 11:19:48,24,26,8275,11808
2023-09-28 11:19:49,24,25,8275,11808
2023-09-28 11:19:50,24,26,8275,11808
2023-09-28 11:19:57,25,26,8275,11808
2023-09-28 11:19:59,24,26,8275,11808
2023-09-28 11:20:05,24,28,8275,11808
2023-09-28 11:20:05,25,28,8275,11808
2023-09-28 11:20:06,25,27,8275,11808
2023-09-28 11:20:08,25,26,8275,11808
2023-09-28 11:20:11,24,26,8275,11808
2023-09-28 11:20:34,24,26,8275,11812
2023-09-28 11:20:37,24,27,8275,11812
2023-09-28 11:20:37,25,27,8275,11812
2023-09-28 11:20:39,25,26,8275,11812
2023-09-28 11:20:40,24,26,8275,11812
2023-09-28 11:20:43,24,27,8275,11812
2023-09-28 11:20:43,25,28,8275,11812
2023-09-28 11:20:45,25,27,8275,11812
2023-09-28 11:20:50,25,26,8275,11812
2023-09-28 11:21:07,24,26,8275,11812
2023-09-28 11:21:29,24,25,8275,11812
2023-09-28 11:21:41,23,25,8348,11885
2023-09-28 11:21:46,23,24,8348,11885
2023-09-28 11:21:53,23,25,8348,11885
2023-09-28 11:21:55,24,25,8348,11885
2023-09-28 11:21:56,24,26,8348,11885
2023-09-28 11:21:58,24,25,8348,11885
2023-09-28 11:22:00,23,25,8348,11885
2023-09-28 11:22:13,23,26,8348,11885
2023-09-28 11:22:13,24,26,8348,11885
2023-09-28 11:22:14,23,26,8348,11885
2023-09-28 11:22:14,23,25,8348,11885
2023-09-28 11:22:18,23,24,8348,11885
2023-09-28 11:22:32,23,25,8348,11885
2023-09-28 11:22:34,23,24,8348,11885
2023-09-28 11:22:35,23,25,8348,11885
2023-09-28 11:22:45,22,25,8348,11885
2023-09-28 11:22:45,22,24,8348,11885
2023-09-28 11:22:46,23,24,8348,11885
2023-09-28 11:22:48,22,24,8348,11885
2023-09-28 11:23:05,22,23,8348,11885
2023-09-28 11:23:12,21,23,8348,11885
2023-09-28 11:23:41,20,23,8348,11885
2023-09-28 11:23:44,21,23,8348,11885
2023-09-28 11:23:46,19,23,8348,11885
2023-09-28 11:23:46,20,23,8348,11885
2023-09-28 11:23:47,20,22,8348,11885
2023-09-28 11:24:17,19,22,8348,11885
2023-09-28 11:24:30,19,21,8348,11885
2023-09-28 11:24:44,19,21,8349,11886
2023-09-28 11:24:45,19,20,8349,11886
2023-09-28 11:24:45,18,20,8349,11886
2023-09-28 11:25:10,18,19,8349,11886
2023-09-28 11:25:13,18,20,8349,11886
2023-09-28 11:25:23,19,20,8349,11886
2023-09-28 11:25:27,18,20,8349,11886
2023-09-28 11:25:30,19,20,8349,11886
2023-09-28 11:25:32,18,20,8349,11886
2023-09-28 11:25:38,18,19,8349,11886
2023-09-28 11:26:01,17,19,8349,11886
2023-09-28 11:26:02,18,19,8349,11886
2023-09-28 11:26:04,17,19,8349,11886
2023-09-28 11:26:07,18,19,8349,11886
2023-09-28 11:26:16,17,19,8349,11886
2023-09-28 11:26:24,18,19,8349,11886
2023-09-28 11:26:26,18,20,8349,11886
2023-09-28 11:26:43,18,19,8349,11886
2023-09-28 11:26:47,18,20,8349,11886
2023-09-28 11:27:21,18,19,8349,11886
2023-09-28 11:27:22,17,19,8349,11886
2023-09-28 11:27:27,18,19,8349,11886
2023-09-28 11:27:38,19,20,8349,11887
2023-09-28 11:27:56,19,20,8589,12127
2023-09-28 11:28:08,17,19,8589,12136
2023-09-28 11:28:10,18,19,8589,12136
2023-09-28 11:28:25,17,19,8589,12136
2023-09-28 11:29:05,18,19,8589,12136
2023-09-28 11:29:06,17,19,8589,12136
2023-09-28 11:29:12,18,19,8589,12136
2023-09-28 11:30:00,17,18,8589,12181
2023-09-28 11:30:00,16,18,8589,12181
2023-09-28 11:30:02,17,18,8589,12181
2023-09-28 11:30:03,16,18,8589,12181
2023-09-28 11:30:04,17,18,8589,12181
2023-09-28 11:30:05,16,18,8589,12181
2023-09-28 11:30:10,17,18,8589,12181
2023-09-28 11:30:11,16,18,8589,12181
2023-09-28 11:30:18,16,17,8589,12181
2023-09-28 11:30:27,16,17,8589,12216
2023-09-28 11:30:27,15,17,8589,12216
2023-09-28 11:30:27,14,17,8589,12216
2023-09-28 11:30:28,14,16,8589,12216
2023-09-28 11:30:28,15,16,8589,12216
2023-09-28 11:30:31,14,16,8589,12216
2023-09-28 11:30:32,15,16,8589,12216
2023-09-28 11:30:34,15,16,8589,12336
2023-09-28 11:30:34,14,16,8589,12336
2023-09-28 11:30:45,15,16,8589,12336
2023-09-28 11:30:46,14,16,8589,12336
2023-09-28 11:30:47,15,16,8589,12336
2023-09-28 11:30:49,14,16,8589,12336
2023-09-28 11:30:50,15,16,8589,12336
2023-09-28 11:31:12,14,16,8589,12336
2023-09-28 11:31:31,14,15,8589,12336
2023-09-28 11:31:32,14,15,8489,12536
2023-09-28 11:31:33,13,14,8374,12651
2023-09-28 11:31:33,12,14,8374,12651
2023-09-28 11:31:34,12,15,8374,12651
2023-09-28 11:31:34,12,14,8374,12651
2023-09-28 11:31:38,13,14,8374,12651
2023-09-28 11:31:39,12,14,8374,12651
2023-09-28 11:31:40,12,15,8374,12651
2023-09-28 11:31:40,12,14,8374,12651
2023-09-28 11:31:40,13,14,8374,12651
2023-09-28 11:31:43,12,14,8374,12651
2023-09-28 11:31:49,12,13,8374,12651
2023-09-28 11:31:56,12,14,8374,12651
2023-09-28 11:31:58,13,14,8374,12651
2023-09-28 11:31:59,12,14,8374,12651
2023-09-28 11:32:00,12,14,8374,13151
2023-09-28 11:32:10,13,14,8374,13151
2023-09-28 11:32:12,13,14,8479,13256
2023-09-28 11:32:29,13,14,8374,13456
2023-09-28 11:32:29,12,14,8374,13456
2023-09-28 11:32:40,13,14,8374,13456
2023-09-28 11:33:11,13,14,8384,13466
2023-09-28 11:33:22,13,14,8384,13666
2023-09-28 11:33:26,12,13,8384,13756
2023-09-28 11:34:03,11,13,8384,13756
2023-09-28 11:34:11,11,12,8384,13756
2023-09-28 11:34:35,11,13,8384,13756
2023-09-28 11:34:35,12,13,8384,13756
2023-09-28 11:34:46,12,13,8384,13856
2023-09-28 11:34:58,13,14,8384,13956
2023-09-28 11:35:34,13,14,8384,14156
2023-09-28 11:35:53,11,14,8384,14356
2023-09-28 11:35:53,11,13,8384,14356
2023-09-28 11:36:00,12,13,8384,14356
2023-09-28 11:36:12,11,12,8484,14456
2023-09-28 11:40:44,10,12,8484,14456
2023-09-28 11:40:59,10,11,8484,14456
2023-09-28 11:41:48,10,11,8485,14457
2023-09-28 11:41:48,10,11,8486,14458
2023-09-28 11:42:06,10,11,8487,14459
2023-09-28 11:42:23,10,11,8488,14460
2023-09-28 11:42:41,10,11,8489,14461
2023-09-28 11:42:51,9,10,8489,14660
2023-09-28 11:42:52,9,11,8489,14660
2023-09-28 11:42:58,9,10,8489,14660
2023-09-28 11:43:29,8,10,8489,14660
2023-09-28 11:43:42,9,10,8489,14660
2023-09-28 11:43:43,9,10,8305,14860
2023-09-28 11:43:43,8,10,8305,14860
2023-09-28 11:43:45,8,9,8305,14860
2023-09-28 11:43:49,7,9,8305,14860
2023-09-28 11:43:50,7,8,8305,14860
2023-09-28 11:44:19,7,9,8305,14860
2023-09-28 11:45:04,7,8,8305,14860
2023-09-28 11:45:16,7,9,8305,14860
2023-09-28 11:45:48,8,9,8305,14860
2023-09-28 11:45:49,7,9,8305,14860
2023-09-28 11:45:51,8,9,8305,14860
2023-09-28 11:46:13,7,9,8305,14860
2023-09-28 11:46:20,7,8,8305,14860
2023-09-28 11:46:25,7,9,8305,14860
2023-09-28 11:46:32,7,8,8305,14860
2023-09-28 11:46:33,7,9,8305,14860
2023-09-28 11:47:50,7,8,8305,14860
2023-09-28 11:47:54,7,9,8305,14860
2023-09-28 11:47:56,7,8,8305,14860
2023-09-28 11:48:04,7,9,8305,14860
2023-09-28 11:48:05,7,8,8305,14860
2023-09-28 11:48:08,7,9,8305,14860
2023-09-28 11:48:45,8,9,8305,14860
2023-09-28 11:49:14,8,9,8505,15060
2023-09-28 11:49:24,7,8,8555,15110
2023-09-28 11:49:33,6,8,8555,15110
2023-09-28 11:50:38,6,7,8555,15110
2023-09-28 11:52:39,6,7,8755,15310
2023-09-28 11:53:01,5,6,8805,15360
2023-09-28 11:54:22,5,6,9005,15560
2023-09-28 11:54:30,4,5,9055,15610
2023-09-28 11:55:55,4,6,9055,15610
2023-09-28 11:55:55,5,6,9055,15610
2023-09-28 11:56:06,4,6,9055,15610
2023-09-28 11:56:20,5,6,9055,15610
2023-09-28 11:56:34,4,6,9055,15610
2023-09-28 11:56:40,5,6,9055,15610
2023-09-28 11:56:46,4,6,9055,15610
2023-09-28 11:56:49,5,6,9055,15610
2023-09-28 11:56:51,4,6,9055,15610
2023-09-28 11:57:11,5,6,9055,15610
2023-09-28 11:57:12,4,6,9055,15610
2023-09-28 11:57:19,5,6,9055,15610
2023-09-28 11:57:23,4,6,9055,15610
2023-09-28 11:57:27,5,6,9055,15610
2023-09-28 11:57:28,4,6,9055,15610
2023-09-28 11:57:45,5,6,9055,15610
2023-09-28 11:57:50,4,6,9055,15610
2023-09-28 11:57:53,5,6,9055,15610
2023-09-28 11:57:57,4,6,9055,15610
2023-09-28 11:57:58,5,6,9055,15610
2023-09-28 11:57:59,4,6,9055,15610
2023-09-28 11:58:00,5,6,9055,15610
2023-09-28 11:58:24,4,6,9055,15610
2023-09-28 11:58:38,4,5,9055,15610
2023-09-28 12:00:02,4,5,9056,15611
2023-09-28 12:00:20,4,5,9057,15612
2023-09-28 12:00:38,4,5,9058,15613
2023-09-28 12:00:48,4,5,9258,15813
2023-09-28 12:03:25,4,5,9508,16063
2023-09-28 12:06:27,4,6,9508,16063
2023-09-28 12:06:28,5,6,9508,16063
2023-09-28 12:06:57,4,6,9508,16063
2023-09-28 12:07:26,5,6,9508,16063
2023-09-28 12:07:27,4,6,9508,16063
2023-09-28 12:07:28,5,6,9508,16063
2023-09-28 12:07:33,4,6,9508,16063
2023-09-28 12:07:54,5,6,9508,16063
2023-09-28 12:08:45,4,6,9508,16063
2023-09-28 12:09:24,5,6,9508,16063
2023-09-28 12:09:28,4,6,9508,16063
2023-09-28 12:09:37,5,6,9508,16063
2023-09-28 12:11:09,4,6,9508,16063
2023-09-28 12:11:11,5,6,9508,16063
2023-09-28 12:11:38,4,6,9508,16063
2023-09-28 12:11:48,5,6,9508,16063
2023-09-28 12:12:19,4,6,9508,16063
2023-09-28 12:12:59,4,5,9508,16063
2023-09-28 12:15:33,4,5,9658,16213
2023-09-28 12:17:25,4,5,9708,16263
2023-09-28 12:17:31,4,5,9908,16463
2023-09-28 12:17:37,3,4,9955,16510
2023-09-28 12:20:55,3,4,10705,17260
2023-09-28 12:26:56,3,4,10766,17321
2023-09-28 12:26:57,3,4,10827,17382
2023-09-28 12:27:04,3,4,10927,17482
2023-09-28 12:27:14,2,3,11205,17760
2023-09-28 12:37:59,2,3,11210,17765
2023-09-28 12:38:52,2,3,11205,17770
2023-09-28 12:47:07,2,3,11205,19770
2023-09-28 12:48:08,2,3,11705,20270
2023-09-28 12:49:51,2,3,12205,20770
2023-09-28 12:51:31,2,3,12205,20771
2023-09-28 12:54:42,2,3,12205,21171
2023-09-28 12:54:53,2,3,12205,21571
2023-09-28 12:54:56,2,3,12455,21821
2023-09-28 12:54:57,3,4,12455,21822
2023-09-28 12:55:02,3,4,12455,21978
2023-09-28 12:55:07,2,4,12455,21978
2023-09-28 12:55:09,3,4,12455,21978
2023-09-28 12:55:49,3,5,12455,21978
2023-09-28 12:55:55,4,5,12455,21978
2023-09-28 12:56:02,3,5,12455,21978
2023-09-28 12:56:07,4,5,12455,21978
2023-09-28 12:56:09,3,5,12455,21978
2023-09-28 12:57:33,3,4,12455,21978
2023-09-28 12:57:34,3,5,12455,21978
2023-09-28 12:58:43,3,4,12455,21978
2023-09-28 12:58:44,3,5,12455,21978
2023-09-28 12:59:02,4,5,12455,21978
2023-09-28 12:59:05,4,5,12455,22163
2023-09-28 12:59:05,3,5,12455,22163
2023-09-28 12:59:29,4,5,12455,22163
2023-09-28 12:59:31,3,5,12455,22163
2023-09-28 12:59:46,4,5,12455,22163
2023-09-28 12:59:51,3,5,12455,22163
2023-09-28 12:59:54,3,4,12455,22163
2023-09-28 13:00:01,3,5,12455,22163
2023-09-28 13:00:01,3,4,12455,22163
2023-09-28 13:00:02,4,5,12455,22164
2023-09-28 13:00:03,4,6,12455,22564
2023-09-28 13:00:06,3,6,12455,22564
2023-09-28 13:00:06,3,5,12455,22564
2023-09-28 13:00:41,4,5,12455,22564
2023-09-28 13:00:42,3,5,12455,22564
2023-09-28 13:00:57,3,4,12455,22564
2023-09-28 13:01:28,3,4,12635,22744
2023-09-28 13:01:49,2,4,12635,22744
2023-09-28 13:01:51,2,4,12635,23144
2023-09-28 13:01:51,3,4,12635,23144
2023-09-28 13:01:52,3,6,12635,23144
2023-09-28 13:01:52,2,6,12635,23144
2023-09-28 13:01:52,2,9,12635,23544
2023-09-28 13:01:52,4,9,12635,23544
2023-09-28 13:01:52,2,9,12635,23732
2023-09-28 13:01:52,2,26,12635,23732
2023-09-28 13:01:52,2,25,12635,23732
2023-09-28 13:01:53,2,25,12635,23744
2023-09-28 13:01:53,3,25,12635,23744
2023-09-28 13:01:53,3,24,12635,23744
2023-09-28 13:01:53,4,24,12635,23744
2023-09-28 13:01:53,4,23,12635,23744
2023-09-28 13:01:54,4,22,12635,23744
2023-09-28 13:01:54,5,22,12635,23744
2023-09-28 13:01:54,5,21,12635,23744
2023-09-28 13:01:55,4,21,12635,23744
2023-09-28 13:01:55,4,20,12635,23744
2023-09-28 13:01:55,4,19,12635,23744
2023-09-28 13:01:56,4,20,12635,23744
2023-09-28 13:01:56,3,20,12635,23744
2023-09-28 13:01:56,3,19,12635,23744
2023-09-28 13:01:57,3,25,12635,23744
2023-09-28 13:01:57,3,18,12635,23744
2023-09-28 13:01:57,3,17,12635,23744
2023-09-28 13:01:58,3,4,12635,23744
2023-09-28 13:02:01,3,4,12635,24144
2023-09-28 13:03:27,3,4,12455,24324
2023-09-28 13:04:48,4,5,12455,24358
2023-09-28 13:04:56,4,6,12455,24358
2023-09-28 13:04:58,5,6,12455,24358
2023-09-28 13:05:00,4,6,12455,24358
2023-09-28 13:05:01,5,6,12455,24358
2023-09-28 13:05:03,4,6,12455,24358
2023-09-28 13:05:28,5,6,12455,24358
2023-09-28 13:05:29,5,7,12455,24358
2023-09-28 13:05:29,5,7,12455,24558
2023-09-28 13:05:31,6,7,12455,24558
2023-09-28 13:05:43,6,8,12455,24558
2023-09-28 13:05:46,7,8,12455,24558
2023-09-28 13:05:51,6,8,12455,24558
2023-09-28 13:05:55,6,7,12455,24558
2023-09-28 13:06:01,6,8,12455,24558
2023-09-28 13:06:04,6,7,12455,24558
2023-09-28 13:06:08,6,8,12455,24558
2023-09-28 13:06:09,6,7,12455,24558
2023-09-28 13:06:10,6,8,12455,24558
2023-09-28 13:06:11,6,7,12455,24558
2023-09-28 13:06:13,6,8,12455,24558
2023-09-28 13:06:38,6,7,12455,24558
2023-09-28 13:07:00,5,6,12255,24758
2023-09-28 13:07:34,5,7,12526,25329
2023-09-28 13:07:41,5,6,12526,25329
2023-09-28 13:07:41,4,6,12526,25329
2023-09-28 13:07:48,5,6,12526,25329
2023-09-28 13:07:52,4,6,12526,25329
2023-09-28 13:08:06,5,6,12526,25329
2023-09-28 13:08:07,4,6,12526,25329
2023-09-28 13:08:44,3,6,12526,25329
2023-09-28 13:08:51,4,6,12526,25329
2023-09-28 13:08:56,4,5,12526,25329
2023-09-28 13:08:56,3,5,12526,25329
2023-09-28 13:08:57,4,5,12526,25329
2023-09-28 13:09:20,3,5,12526,25329
2023-09-28 13:11:22,4,5,12526,25329
2023-09-28 13:13:00,3,5,12526,25329
2023-09-28 13:13:05,4,5,12526,25329
2023-09-28 13:13:08,4,5,12526,25429
2023-09-28 13:13:08,3,5,12526,25429
2023-09-28 13:13:37,4,5,12526,25429
2023-09-28 13:13:38,3,5,12526,25429
2023-09-28 13:14:18,4,5,12526,25429
2023-09-28 13:14:21,3,5,12526,25429
2023-09-28 13:16:06,4,5,12526,25429
2023-09-28 13:16:17,3,5,12526,25429
2023-09-28 13:16:55,3,4,12526,25429
2023-09-28 13:17:02,3,5,12526,25429
2023-09-28 13:17:48,4,5,12526,25429
2023-09-28 13:18:37,3,5,12526,25429
2023-09-28 13:18:45,4,5,12526,25429
2023-09-28 13:18:46,3,5,12526,25429
2023-09-28 13:18:48,4,5,12526,25429
2023-09-28 13:18:49,3,5,12526,25610
2023-09-28 13:21:37,2,5,12526,25610
2023-09-28 13:21:40,3,5,12526,25610
2023-09-28 13:22:03,2,5,12526,25610
2023-09-28 13:22:04,3,5,12526,25610
2023-09-28 13:22:12,3,4,12526,25610
2023-09-28 13:22:12,2,4,12526,25610
2023-09-28 13:22:42,3,4,12526,25610
2023-09-28 13:22:43,2,4,12526,25610
2023-09-28 13:23:04,3,4,12526,25610
2023-09-28 13:23:10,2,4,12526,25610
2023-09-28 13:23:11,3,4,12526,25610
2023-09-28 13:23:27,2,4,12526,25610
2023-09-28 13:23:37,3,4,12526,25610
2023-09-28 13:23:38,2,4,12526,25610
2023-09-28 13:24:08,3,4,12526,25610
2023-09-28 13:24:16,2,4,12526,25610
2023-09-28 13:24:27,3,4,12526,25610
2023-09-28 13:24:34,2,4,12526,25610
2023-09-28 13:24:41,2,3,12526,25610
2023-09-28 13:25:42,3,4,12526,25685
2023-09-28 13:28:31,3,5,12526,25685
2023-09-28 13:28:31,4,5,12526,25685
2023-09-28 13:30:46,4,6,12526,25685
2023-09-28 13:30:47,5,6,12526,25685
2023-09-28 13:31:23,5,6,12126,26085
2023-09-28 13:31:23,5,7,11955,26256
2023-09-28 13:31:24,6,7,11955,26256
2023-09-28 13:31:39,5,7,11955,26256
2023-09-28 13:31:57,6,7,11955,26256
2023-09-28 13:31:59,5,7,11955,26256
2023-09-28 13:32:04,6,7,11955,26256
2023-09-28 13:32:26,6,8,11956,26257
2023-09-28 13:32:44,7,8,11956,26257
2023-09-28 13:32:48,7,8,12206,26507
2023-09-28 13:32:49,7,9,12206,26507
2023-09-28 13:33:04,8,9,12206,26507
2023-09-28 13:33:14,7,9,12206,26507
2023-09-28 13:33:15,7,8,12206,26507
2023-09-28 13:33:44,7,9,12206,26507
2023-09-28 13:33:46,7,8,12206,26507
2023-09-28 13:33:50,7,9,12206,26507
2023-09-28 13:33:56,7,8,12206,26507
2023-09-28 13:34:01,7,9,12206,26507
2023-09-28 13:34:02,7,8,12206,26507
2023-09-28 13:34:04,7,9,12206,26507
2023-09-28 13:34:05,7,8,12206,26507
2023-09-28 13:34:09,7,9,12206,26507
2023-09-28 13:34:11,7,8,12206,26507
2023-09-28 13:34:12,7,9,12206,26507
2023-09-28 13:34:57,8,9,12206,26507
2023-09-28 13:36:03,7,9,12206,26507
2023-09-28 13:36:03,7,8,12206,26507
2023-09-28 13:36:12,7,9,12206,26507
2023-09-28 13:36:14,7,8,12206,26507
2023-09-28 13:37:16,7,8,12606,26907
2023-09-28 13:38:00,6,8,12806,27107
2023-09-28 13:38:17,7,8,12806,27107
2023-09-28 13:38:40,6,8,12806,27107
2023-09-28 13:39:27,7,8,12806,27107
2023-09-28 13:40:18,7,8,12406,27507
2023-09-28 13:40:35,7,10,12406,27707
2023-09-28 13:40:36,9,10,12406,27707
2023-09-28 13:40:53,9,11,12406,27707
2023-09-28 13:41:02,9,10,12406,27707
2023-09-28 13:41:03,9,11,12406,27707
2023-09-28 13:41:13,10,11,12406,27707
2023-09-28 13:41:43,9,11,12406,27707
2023-09-28 13:41:43,9,10,12406,27707
2023-09-28 13:41:50,9,11,12406,27707
2023-09-28 13:41:54,9,10,12406,27707
2023-09-28 13:42:00,9,11,12406,27707
2023-09-28 13:42:00,9,10,12406,27707
2023-09-28 13:42:06,10,11,12406,27899
2023-09-28 13:42:06,9,11,12406,27907
2023-09-28 13:42:06,9,10,12406,27907
2023-09-28 13:42:07,9,11,12406,27907
2023-09-28 13:42:34,9,10,12406,27907
2023-09-28 13:42:46,9,11,12406,27907
2023-09-28 13:42:51,9,10,12406,27907
2023-09-28 13:42:52,9,11,12406,27907
2023-09-28 13:42:59,9,10,12406,27907
2023-09-28 13:43:23,9,11,12406,27907
2023-09-28 13:43:23,10,11,12406,27907
2023-09-28 13:43:25,9,11,12406,27907
2023-09-28 13:43:26,9,10,12406,27907
2023-09-28 13:43:26,9,11,12608,28109
2023-09-28 13:43:36,10,11,12608,28109
2023-09-28 13:43:51,10,12,12608,28109
2023-09-28 13:44:01,11,12,12608,28109
2023-09-28 13:44:17,10,12,12608,28109
2023-09-28 13:44:17,10,11,12608,28109
2023-09-28 13:44:29,10,12,12608,28109
2023-09-28 13:44:32,11,12,12608,28109
2023-09-28 13:44:38,11,13,12608,28109
2023-09-28 13:44:40,11,12,12608,28109
2023-09-28 13:44:41,11,13,12608,28109
2023-09-28 13:44:42,12,13,12608,28109
2023-09-28 13:44:45,11,13,12608,28109
2023-09-28 13:44:45,11,12,12608,28109
2023-09-28 13:45:12,10,12,12608,28109
2023-09-28 13:46:18,9,12,12608,28109
2023-09-28 13:46:21,9,11,12608,28109
2023-09-28 13:46:23,9,10,12608,28109
2023-09-28 13:46:43,8,10,12608,28109
2023-09-28 13:46:45,8,9,12608,28109
2023-09-28 13:46:58,7,9,12608,28109
2023-09-28 13:47:25,8,9,12608,28109
2023-09-28 13:47:30,8,9,12859,28360
2023-09-28 13:47:52,8,9,13059,28560
2023-09-28 13:47:54,7,9,13408,28909
2023-09-28 13:47:56,7,8,13408,28909
2023-09-28 13:49:33,6,8,13408,28909
2023-09-28 13:49:50,7,8,13408,28909
2023-09-28 13:49:51,6,8,13408,28909
2023-09-28 13:50:58,6,7,13408,28909
2023-09-28 13:52:34,7,8,13408,28910
2023-09-28 13:52:35,6,8,13408,28910
2023-09-28 13:52:48,7,8,13408,28910
2023-09-28 13:52:54,7,9,13408,28910
2023-09-28 13:53:23,7,8,13408,28910
2023-09-28 13:53:25,7,9,13408,28910
2023-09-28 13:53:39,8,9,13408,28910
2023-09-28 13:53:49,7,9,13408,28910
2023-09-28 13:53:49,7,8,13408,28910
2023-09-28 13:53:55,7,9,13408,28910
2023-09-28 13:54:22,7,8,13408,28910
2023-09-28 13:54:36,7,9,13408,28910
2023-09-28 13:54:47,7,8,13408,28910
2023-09-28 13:54:51,7,9,13408,28910
2023-09-28 13:56:00,8,9,13408,28910
2023-09-28 13:56:05,7,9,13408,28910
2023-09-28 13:56:05,8,9,13408,28910
2023-09-28 13:56:07,7,9,13408,28910
2023-09-28 13:56:08,7,8,13408,28910
2023-09-28 13:56:18,6,8,13408,28910
2023-09-28 13:56:20,7,8,13408,28910
2023-09-28 13:56:23,6,8,13408,28910
2023-09-28 13:56:30,7,8,13408,28910
2023-09-28 13:56:31,7,9,13408,28910
2023-09-28 13:56:35,7,8,13408,28910
2023-09-28 13:56:54,7,9,13408,28910
2023-09-28 13:56:59,7,8,13408,28910
2023-09-28 13:57:39,6,8,13408,28910
2023-09-28 13:57:54,7,8,13408,28910
2023-09-28 13:57:59,6,8,13408,28910
2023-09-28 13:58:17,7,8,13408,28910
2023-09-28 13:58:43,7,9,13408,28910
2023-09-28 13:59:08,7,8,13408,28910
2023-09-28 13:59:09,7,9,13408,28910
2023-09-28 13:59:11,8,9,13408,28910
2023-09-28 13:59:20,7,9,13408,28910
2023-09-28 13:59:21,7,8,13408,28910
2023-09-28 13:59:43,7,9,13408,28910
2023-09-28 13:59:47,8,9,13408,28910
2023-09-28 13:59:48,7,9,13408,28910
2023-09-28 13:59:50,8,9,13408,28910
2023-09-28 13:59:58,7,9,13408,28910
2023-09-28 14:00:00,7,8,13408,28910
2023-09-28 14:00:00,7,8,13408,28911
2023-09-28 14:00:06,7,9,13408,28911
2023-09-28 14:00:16,8,9,13408,28911
2023-09-28 14:00:18,8,9,13408,28912
2023-09-28 14:00:30,7,9,13408,28912
2023-09-28 14:00:38,7,8,13408,28912
2023-09-28 14:00:41,7,9,13408,28912
2023-09-28 14:00:45,7,8,13408,28912
2023-09-28 14:00:46,7,9,13408,28912
2023-09-28 14:01:00,8,9,13408,28912
2023-09-28 14:01:37,8,9,13208,29112
2023-09-28 14:02:12,7,9,13208,29112
2023-09-28 14:02:22,8,9,13208,29112
2023-09-28 14:02:37,7,9,13208,29112
2023-09-28 14:02:40,7,8,13208,29112
2023-09-28 14:02:41,7,9,13208,29112
2023-09-28 14:02:42,7,8,13208,29112
2023-09-28 14:02:45,7,9,13208,29112
2023-09-28 14:02:53,7,8,13208,29112
2023-09-28 14:03:02,7,9,13208,29112
2023-09-28 14:03:03,7,8,13208,29112
2023-09-28 14:03:22,7,9,13208,29112
2023-09-28 14:03:25,7,8,13208,29112
2023-09-28 14:03:31,7,9,13208,29112
2023-09-28 14:03:37,7,8,13208,29112
2023-09-28 14:03:38,7,9,13208,29112
2023-09-28 14:03:54,8,9,13208,29112
2023-09-28 14:05:16,8,9,13008,29312
2023-09-28 14:05:16,8,9,13008,29562
2023-09-28 14:05:17,9,10,12858,29712
2023-09-28 14:05:21,9,11,12858,29712
2023-09-28 14:05:22,10,11,12858,29712
2023-09-28 14:05:23,9,11,12858,29712
2023-09-28 14:05:33,9,10,12858,29712
2023-09-28 14:05:34,9,11,12858,29712
2023-09-28 14:05:39,9,10,12858,29712
2023-09-28 14:05:43,9,11,12858,29712
2023-09-28 14:05:45,9,10,12858,29712
2023-09-28 14:06:11,8,10,12858,29712
2023-09-28 14:06:50,8,9,12858,29712
2023-09-28 14:08:17,7,8,12958,29812
2023-09-28 14:09:06,7,8,13138,29992
2023-09-28 14:10:56,7,9,13138,29992
2023-09-28 14:11:01,8,9,13138,29992
2023-09-28 14:11:02,7,9,13138,29992
2023-09-28 14:11:04,8,9,13138,29992
2023-09-28 14:11:06,7,9,13138,29992
2023-09-28 14:11:54,7,8,13138,29992
2023-09-28 14:13:40,7,8,13258,30112
2023-09-28 14:13:42,7,8,13658,30512
2023-09-28 14:13:51,5,8,13958,30812
2023-09-28 14:13:53,5,7,13958,30812
2023-09-28 14:13:53,6,7,13958,30812
2023-09-28 14:13:57,5,7,13958,30812
2023-09-28 14:14:00,5,8,13958,30812
2023-09-28 14:14:00,6,8,13958,30812
2023-09-28 14:14:05,6,7,13958,30812
2023-09-28 14:14:08,6,7,13958,30872
2023-09-28 14:14:08,5,7,13958,30872
2023-09-28 14:14:08,5,8,13958,31272
2023-09-28 14:14:09,5,6,13958,31272
2023-09-28 14:14:17,4,6,13958,31472
2023-09-28 14:14:20,4,5,13958,31472
2023-09-28 14:14:44,3,5,13958,31472
2023-09-28 14:15:40,3,6,14358,31872
2023-09-28 14:16:23,3,4,14358,31872
2023-09-28 14:16:35,3,4,14358,31972
2023-09-28 14:16:36,3,4,14358,32072
2023-09-28 14:16:36,3,4,14358,32143
2023-09-28 14:16:36,3,4,14358,32226
2023-09-28 14:17:22,2,3,14358,32626
2023-09-28 14:20:01,2,4,15958,34226
2023-09-28 14:21:31,3,4,15958,34226
2023-09-28 14:21:32,2,4,15958,34226
2023-09-28 14:21:40,3,4,15958,34226
2023-09-28 14:21:41,2,4,15958,34226
2023-09-28 14:21:57,3,4,15958,34226
2023-09-28 14:21:59,2,4,15958,34226
2023-09-28 14:24:02,2,3,15958,34226
2023-09-28 14:24:36,2,4,15958,34226
2023-09-28 14:25:27,3,4,15958,34226
2023-09-28 14:25:32,3,4,16158,34426
2023-09-28 14:26:07,2,3,16458,34726
2023-09-28 14:31:02,2,3,16558,34826
2023-09-28 14:34:48,2,4,18159,36427
2023-09-28 14:34:49,3,4,18159,36427
2023-09-28 14:35:00,3,5,18159,36427
2023-09-28 14:35:00,4,5,18159,36427
2023-09-28 14:35:07,4,6,18159,36427
2023-09-28 14:35:08,5,6,18159,36427
2023-09-28 14:35:10,5,7,18159,36427
2023-09-28 14:35:11,6,7,18159,36427
2023-09-28 14:35:18,5,7,18159,36427
2023-09-28 14:35:24,6,7,18159,36427
2023-09-28 14:35:26,5,7,18159,36427
2023-09-28 14:35:26,5,6,18159,36427
2023-09-28 14:35:42,5,6,18059,36527
2023-09-28 14:35:43,5,6,17659,36927
2023-09-28 14:35:43,5,6,17459,37127
2023-09-28 14:35:45,5,6,17059,37527
2023-09-28 14:35:54,5,6,17059,37777
2023-09-28 14:36:00,5,7,16909,37927
2023-09-28 14:36:01,6,7,16909,37927
2023-09-28 14:36:02,6,8,16909,37927
2023-09-28 14:36:03,7,8,16909,37927
2023-09-28 14:36:05,7,8,16709,38127
2023-09-28 14:36:05,7,8,16708,38128
2023-09-28 14:36:06,7,10,16342,38528
2023-09-28 14:36:07,8,10,16342,38528
2023-09-28 14:36:08,9,10,16342,38528
2023-09-28 14:36:22,9,10,16508,38778
2023-09-28 14:36:29,10,12,16342,38978
2023-09-28 14:36:30,11,12,16342,38978
2023-09-28 14:36:43,10,12,16342,38978
2023-09-28 14:36:54,11,12,16342,38978
2023-09-28 14:37:12,11,12,16342,39228
2023-09-28 14:37:18,11,12,16308,39428
2023-09-28 14:37:18,10,12,16308,39428
2023-09-28 14:37:19,9,12,16308,39428
2023-09-28 14:37:19,9,11,16308,39428
2023-09-28 14:37:28,9,10,16308,39428
2023-09-28 14:37:29,8,10,16308,39428
2023-09-28 14:37:34,7,10,15868,40302
2023-09-28 14:37:50,7,9,15868,40302
2023-09-28 14:37:55,6,9,15868,40302
2023-09-28 14:37:55,6,8,15868,40302
2023-09-28 14:37:55,6,7,15868,40302
2023-09-28 14:37:57,6,8,16086,40520
2023-09-28 14:37:57,6,7,16086,40520
2023-09-28 14:38:05,6,7,16086,40620
2023-09-28 14:38:21,6,8,16086,40620
2023-09-28 14:38:21,7,8,16086,40620
2023-09-28 14:38:22,6,8,16086,40620
2023-09-28 14:38:26,6,7,16086,40620
2023-09-28 14:38:33,6,8,16086,40620
2023-09-28 14:38:34,6,7,16086,40620
2023-09-28 14:38:37,6,8,16086,40820
2023-09-28 14:38:40,6,7,16086,40820
2023-09-28 14:39:05,6,7,15886,41020
2023-09-28 14:39:06,5,7,15886,41020
2023-09-28 14:39:07,5,6,15886,41020
2023-09-28 14:39:24,4,6,15886,41020
2023-09-28 14:39:38,5,6,15886,41020
2023-09-28 14:39:48,5,7,16152,41420
2023-09-28 14:40:54,6,7,16152,41420
2023-09-28 14:42:44,5,7,15918,41654
2023-09-28 14:42:53,5,6,15918,41654
2023-09-28 14:43:09,5,6,16118,41854
2023-09-28 14:43:48,5,6,16318,42054
2023-09-28 14:43:58,4,5,16458,42194
2023-09-28 14:44:05,3,5,16458,42194
2023-09-28 14:44:07,4,5,16458,42194
2023-09-28 14:44:08,3,5,16458,42194
2023-09-28 14:44:14,4,5,16458,42194
2023-09-28 14:44:18,3,5,16458,42380
2023-09-28 14:44:25,4,5,16458,42380
2023-09-28 14:44:26,3,5,16458,42380
2023-09-28 14:44:39,4,5,16458,42380
2023-09-28 14:44:40,3,5,16458,42380
2023-09-28 14:44:41,4,5,16458,42380
2023-09-28 14:45:00,4,6,16458,42380
2023-09-28 14:45:09,5,6,16458,42380
2023-09-28 14:47:01,5,7,16192,42646
2023-09-28 14:47:02,6,7,16192,42646
2023-09-28 14:47:30,7,8,16192,42647
2023-09-28 14:47:36,7,9,16192,42847
2023-09-28 14:47:37,8,9,16192,42847
2023-09-28 14:47:59,8,9,16192,42947
2023-09-28 14:48:25,7,8,15702,43437
2023-09-28 14:48:32,7,9,15702,43440
2023-09-28 14:48:37,8,9,15702,43440
2023-09-28 14:49:09,7,9,15702,43440
2023-09-28 14:49:16,8,9,15702,43440
2023-09-28 14:49:27,8,9,15302,43840
2023-09-28 14:49:29,8,9,15302,44090
2023-09-28 14:49:35,8,9,15302,44340
2023-09-28 14:49:43,8,9,15302,44343
2023-09-28 14:50:32,6,9,15302,44343
2023-09-28 14:50:33,6,8,15302,44343
2023-09-28 14:50:34,7,8,15302,44343
2023-09-28 14:50:37,7,9,15302,44569
2023-09-28 14:50:47,7,8,15302,44569
2023-09-28 14:50:54,6,8,15302,44843
2023-09-28 14:50:55,7,8,15302,44843
2023-09-28 14:50:57,6,8,15302,44843
2023-09-28 14:50:58,6,7,15302,44843
2023-09-28 14:51:31,6,8,15076,45102
2023-09-28 14:51:32,7,8,15076,45102
2023-09-28 14:51:41,7,9,15076,45102
2023-09-28 14:51:44,8,9,15076,45102
2023-09-28 14:51:48,7,8,15176,45202
2023-09-28 14:51:48,6,8,15176,45202
2023-09-28 14:51:56,7,8,15176,45202
2023-09-28 14:52:01,7,9,15176,45202
2023-09-28 14:52:19,7,8,15176,45202
2023-09-28 14:52:33,7,9,15176,45202
2023-09-28 14:52:48,8,9,15176,45202
2023-09-28 14:52:57,8,10,15576,45602
2023-09-28 14:52:58,9,10,15576,45602
2023-09-28 14:53:06,9,11,15576,45602
2023-09-28 14:53:06,9,11,15576,45637
2023-09-28 14:53:10,9,10,15576,45637
2023-09-28 14:53:16,9,11,15576,45637
2023-09-28 14:53:17,9,10,15576,45637
2023-09-28 14:53:22,9,11,15576,45637
2023-09-28 14:53:28,10,11,15576,45637
2023-09-28 14:53:30,10,11,15476,45737
2023-09-28 14:53:35,11,12,15351,45862
2023-09-28 14:53:52,11,12,15251,45962
2023-09-28 14:53:52,11,14,15251,46112
2023-09-28 14:53:53,12,14,15251,46112
2023-09-28 14:53:57,12,13,15251,46112
2023-09-28 14:53:58,12,14,15251,46112
2023-09-28 14:54:12,12,13,15251,46112
2023-09-28 14:54:14,11,13,15251,46112
2023-09-28 14:54:16,10,13,15251,46112
2023-09-28 14:54:17,11,13,15251,46112
2023-09-28 14:54:21,10,13,15251,46112
2023-09-28 14:54:30,10,12,15251,46112
2023-09-28 14:54:40,11,12,15251,46112
2023-09-28 14:54:42,10,12,15251,46112
2023-09-28 14:54:45,11,12,15251,46112
2023-09-28 14:54:47,10,12,15251,46112
2023-09-28 14:55:00,10,11,15251,46112
2023-09-28 14:55:00,8,11,15251,46112
2023-09-28 14:55:01,9,11,15251,46112
2023-09-28 14:55:09,10,11,15251,46112
2023-09-28 14:55:11,9,11,15251,46112
2023-09-28 14:55:12,10,11,15251,46112
2023-09-28 14:55:26,10,12,15251,46112
2023-09-28 14:55:45,10,11,15251,46112
2023-09-28 14:55:45,9,11,15251,46112
2023-09-28 14:55:49,10,11,15251,46112
2023-09-28 14:55:54,10,12,15251,46112
2023-09-28 14:56:04,10,13,15251,46112
2023-09-28 14:56:06,10,12,15251,46112
2023-09-28 14:56:10,10,13,15251,46112
2023-09-28 14:56:12,10,12,15251,46112
2023-09-28 14:56:16,10,11,15251,46112
2023-09-28 14:56:16,9,11,15251,46112
2023-09-28 14:56:18,9,10,15251,46112
2023-09-28 14:56:18,8,10,15251,46112
2023-09-28 14:56:19,8,9,15251,46112
2023-09-28 14:56:25,7,9,15251,46112
2023-09-28 14:56:27,8,9,15251,46112
2023-09-28 14:56:37,8,10,15251,46112
2023-09-28 14:56:41,8,9,15251,46112
2023-09-28 14:56:43,8,9,15252,46113
2023-09-28 14:56:49,7,9,15252,46113
2023-09-28 14:56:57,7,8,15252,46113
2023-09-28 14:56:57,6,8,15252,46113
2023-09-28 14:56:59,7,8,15252,46113
2023-09-28 14:57:23,6,8,15252,46113
2023-09-28 14:57:29,7,8,15252,46113
2023-09-28 14:57:34,6,8,15252,46113
2023-09-28 14:57:36,7,8,15252,46113
2023-09-28 14:58:12,7,9,15252,46113
2023-09-28 14:58:17,8,9,15252,46113
2023-09-28 14:58:27,7,9,15252,46113
2023-09-28 14:58:31,7,8,15252,46113
2023-09-28 14:58:57,7,8,15452,46313
2023-09-28 14:59:04,7,8,15852,46713
2023-09-28 14:59:04,6,8,15852,46713
2023-09-28 14:59:05,6,7,15852,46713
2023-09-28 14:59:09,6,8,15852,46713
2023-09-28 14:59:27,6,7,15852,46713
2023-09-28 14:59:34,6,8,15852,46713
2023-09-28 14:59:41,6,7,15852,46713
2023-09-28 14:59:41,6,7,15877,46738
2023-09-28 14:59:48,5,6,15878,46739
2023-09-28 15:00:03,5,6,15879,46740
2023-09-28 15:00:08,5,6,16079,46940
2023-09-28 15:00:11,4,6,16079,46940
2023-09-28 15:00:20,4,6,16079,46941
2023-09-28 15:00:23,4,6,16077,46943
2023-09-28 15:00:33,4,5,16077,46943
2023-09-28 15:00:51,4,5,16127,46993
2023-09-28 15:02:22,3,5,16127,46993
2023-09-28 15:02:39,4,5,16127,46993
2023-09-28 15:02:41,3,5,16127,46993
2023-09-28 15:02:50,3,4,16127,46993
2023-09-28 15:03:51,2,4,16310,47376
2023-09-28 15:04:33,3,4,16310,47376
2023-09-28 15:04:39,2,4,16310,47376
2023-09-28 15:04:50,2,4,16300,47386
2023-09-28 15:05:04,3,4,16300,47386
2023-09-28 15:05:07,2,4,16300,47386
2023-09-28 15:05:13,2,3,16300,47386
2023-09-28 15:06:55,2,4,16300,47386
2023-09-28 15:06:56,2,3,16300,47386
2023-09-28 15:06:57,2,4,16300,47386
2023-09-28 15:07:01,2,3,16300,47386
2023-09-28 15:07:03,2,4,16300,47386
2023-09-28 15:07:16,3,4,16300,47386
2023-09-28 15:07:32,2,4,16300,47386
2023-09-28 15:07:45,3,4,16300,47386
2023-09-28 15:07:50,2,4,16300,47386
2023-09-28 15:08:49,3,4,16300,47386
2023-09-28 15:09:00,2,4,16300,47386
2023-09-28 15:09:02,2,3,16300,47386
2023-09-28 15:15:18,1,2,16300,47426
2023-09-28 15:17:27,1,2,16300,47606
2023-09-28 15:25:16,0,2,16300,47612
2023-09-28 15:37:05,1,2,16300,47612
2023-09-28 15:38:27,1,3,16505,47820
2023-09-28 15:38:28,1,2,16505,47820
2023-09-28 15:38:36,0,1,16509,47824
2023-09-28 15:38:42,0,3,16555,47870
2023-09-28 15:38:43,0,2,16555,47870
2023-09-28 15:39:13,0,3,16555,47870
2023-09-28 15:39:13,0,2,16555,47870
2023-09-28 15:39:44,0,3,16555,47870
2023-09-28 15:39:44,0,2,16555,47870
2023-09-28 15:39:58,0,3,16555,47870
2023-09-28 15:39:58,0,2,16555,47870
2023-09-28 15:40:28,0,3,16555,47870
2023-09-28 15:40:28,0,2,16555,47870
2023-09-28 15:40:58,0,3,16555,47870
2023-09-28 15:40:58,0,2,16555,47870
2023-09-28 15:41:28,0,3,16555,47870
2023-09-28 15:41:28,0,2,16555,47870
2023-09-28 15:41:59,0,3,16555,47870
2023-09-28 15:41:59,0,2,16555,47870
2023-09-28 15:42:29,0,3,16555,47870
2023-09-28 15:42:29,0,2,16555,47870
2023-09-28 15:42:59,0,3,16555,47870
2023-09-28 15:42:59,0,2,16555,47870
2023-09-28 15:43:30,0,3,16555,47870
2023-09-28 15:43:30,0,2,16555,47870
2023-09-28 15:44:00,0,3,16555,47870
2023-09-28 15:44:00,0,2,16555,47870
2023-09-28 15:44:30,0,3,16555,47870
2023-09-28 15:44:30,0,2,16555,47870
2023-09-28 15:45:00,0,3,16555,47870
2023-09-28 15:45:00,0,2,16555,47870
2023-09-28 15:45:31,0,3,16555,47870
2023-09-28 15:45:31,0,2,16555,47870
2023-09-28 15:46:01,0,3,16555,47870
2023-09-28 15:46:01,0,2,16555,47870
2023-09-28 15:46:31,0,3,16555,47870
2023-09-28 15:46:31,0,2,16555,47870
2023-09-28 15:47:01,0,3,16555,47870
2023-09-28 15:47:01,0,2,16555,47870
2023-09-28 15:47:31,0,3,16555,47870
2023-09-28 15:47:31,0,2,16555,47870
2023-09-28 15:48:01,0,3,16555,47870
2023-09-28 15:48:01,0,2,16555,47870
2023-09-28 15:48:32,0,3,16555,47870
2023-09-28 15:48:32,0,2,16555,47870
2023-09-28 15:49:02,0,3,16555,47870
2023-09-28 15:49:02,0,2,16555,47870
2023-09-28 15:49:32,0,3,16555,47870
2023-09-28 15:49:32,0,2,16555,47870
2023-09-28 15:49:43,0,1,16555,47870
2023-09-28 15:57:47,0,1,16555,47875
2023-09-28 15:58:17,0,1,16555,47879
2023-09-28 15:59:52,0,1,16555,47909
