datetime,bid,ask,open_interest,volume
2023-09-28 09:30:01,5,13,0,0
2023-09-28 09:30:01,0,13,0,0
2023-09-28 09:30:01,0,14,0,0
2023-09-28 09:30:01,0,25,0,0
2023-09-28 09:31:00,8,25,0,0
2023-09-28 09:31:00,8,12,0,0
2023-09-28 09:31:00,8,10,0,0
2023-09-28 09:31:13,8,11,0,0
2023-09-28 09:31:25,9,11,0,0
2023-09-28 09:31:39,8,11,0,0
2023-09-28 09:31:48,9,11,0,0
2023-09-28 09:32:02,8,11,0,0
2023-09-28 09:32:03,8,10,0,0
2023-09-28 09:32:06,8,11,0,0
2023-09-28 09:32:20,9,11,0,0
2023-09-28 09:32:20,9,11,180,180
2023-09-28 09:32:21,8,11,180,180
2023-09-28 09:32:23,8,10,180,180
2023-09-28 09:32:28,8,11,180,180
2023-09-28 09:32:32,8,10,180,180
2023-09-28 09:32:34,8,11,180,180
2023-09-28 09:32:40,8,10,180,180
2023-09-28 09:32:41,8,11,180,180
2023-09-28 09:32:42,8,10,180,180
2023-09-28 09:32:45,8,11,180,180
2023-09-28 09:32:51,8,10,180,180
2023-09-28 09:33:08,8,9,180,180
2023-09-28 09:33:15,8,9,181,181
2023-09-28 09:33:15,8,9,182,182
2023-09-28 09:33:25,8,10,182,182
2023-09-28 09:33:49,8,11,182,182
2023-09-28 09:33:51,8,10,182,182
2023-09-28 09:33:52,8,11,182,182
2023-09-28 09:34:13,8,10,182,182
2023-09-28 09:34:15,8,11,182,182
2023-09-28 09:34:31,9,11,182,182
2023-09-28 09:34:40,9,12,182,182
2023-09-28 09:34:40,10,12,182,182
2023-09-28 09:35:08,9,12,182,182
2023-09-28 09:35:08,9,11,182,182
2023-09-28 09:35:09,9,12,182,182
2023-09-28 09:35:16,10,12,182,182
2023-09-28 09:35:20,9,12,182,182
2023-09-28 09:35:21,9,11,182,182
2023-09-28 09:35:29,9,12,182,182
2023-09-28 09:35:44,9,11,182,182
2023-09-28 09:35:54,9,12,182,182
2023-09-28 09:36:02,9,12,183,183
2023-09-28 09:36:03,9,11,183,183
2023-09-28 09:36:05,9,12,183,183
2023-09-28 09:36:08,9,11,183,183
2023-09-28 09:36:09,9,12,183,183
2023-09-28 09:36:19,9,12,184,184
2023-09-28 09:36:27,9,11,184,184
2023-09-28 09:36:29,9,12,184,184
2023-09-28 09:36:32,9,11,184,184
2023-09-28 09:36:33,9,12,184,184
2023-09-28 09:36:37,9,12,185,185
2023-09-28 09:36:37,9,11,185,185
2023-09-28 09:37:03,8,11,185,185
2023-09-28 09:37:03,8,10,185,185
2023-09-28 09:37:26,8,9,185,185
2023-09-28 09:38:03,8,9,245,245
2023-09-28 09:38:53,8,10,245,245
2023-09-28 09:39:00,8,11,245,245
2023-09-28 09:39:41,8,10,245,245
2023-09-28 09:40:00,8,11,245,245
2023-09-28 09:40:03,8,10,245,245
2023-09-28 09:40:09,8,11,245,245
2023-09-28 09:40:12,8,10,245,245
2023-09-28 09:40:15,8,11,245,245
2023-09-28 09:40:28,8,10,245,245
2023-09-28 09:42:27,8,11,245,245
2023-09-28 09:42:36,9,11,245,245
2023-09-28 09:43:33,8,11,245,245
2023-09-28 09:43:35,8,10,245,245
2023-09-28 09:44:18,8,9,245,245
2023-09-28 09:44:45,7,9,245,245
2023-09-28 09:45:29,8,9,245,245
2023-09-28 09:45:32,8,10,245,245
2023-09-28 09:45:56,8,11,245,245
2023-09-28 09:46:15,8,10,245,245
2023-09-28 09:46:16,8,11,245,245
2023-09-28 09:47:19,9,11,245,245
2023-09-28 09:47:41,10,11,245,245
2023-09-28 09:48:12,9,11,245,245
2023-09-28 09:48:51,8,11,245,245
2023-09-28 09:48:51,8,10,245,245
2023-09-28 09:50:06,8,11,245,245
2023-09-28 09:50:58,9,11,245,245
2023-09-28 09:51:13,9,12,245,245
2023-09-28 09:51:15,10,12,245,245
2023-09-28 09:52:46,11,12,245,245
2023-09-28 09:53:13,11,13,245,245
2023-09-28 09:53:50,11,14,245,245
2023-09-28 09:53:50,12,14,245,245
2023-09-28 09:53:52,13,14,245,245
2023-09-28 09:55:26,12,14,245,245
2023-09-28 09:55:49,13,14,245,245
2023-09-28 09:57:29,13,15,245,445
2023-09-28 09:59:44,14,15,245,445
2023-09-28 10:00:12,14,16,245,445
2023-09-28 10:00:14,15,16,245,445
2023-09-28 10:00:34,15,16,246,446
2023-09-28 10:00:35,15,16,247,447
2023-09-28 10:00:38,15,17,247,447
2023-09-28 10:00:58,16,17,247,447
2023-09-28 10:01:54,16,18,400,647
2023-09-28 10:02:27,17,18,400,647
2023-09-28 10:04:31,17,19,400,647
2023-09-28 10:05:34,16,19,400,647
2023-09-28 10:05:45,16,18,400,647
2023-09-28 10:06:29,16,17,400,647
2023-09-28 10:06:35,15,17,400,647
2023-09-28 10:06:51,15,16,400,647
2023-09-28 10:07:12,15,16,400,648
2023-09-28 10:07:30,15,16,400,649
2023-09-28 10:07:31,15,17,400,649
2023-09-28 10:07:47,15,17,400,650
2023-09-28 10:07:51,15,18,400,650
2023-09-28 10:07:51,16,18,400,650
2023-09-28 10:09:08,17,18,400,650
2023-09-28 10:09:09,17,19,400,650
2023-09-28 10:09:16,17,19,500,750
2023-09-28 10:10:16,18,19,500,750
2023-09-28 10:10:17,17,19,685,935
2023-09-28 10:10:18,18,19,685,935
2023-09-28 10:10:19,17,19,928,1178
2023-09-28 10:10:49,18,19,928,1178
2023-09-28 10:11:21,17,19,928,1178
2023-09-28 10:11:23,18,19,928,1178
2023-09-28 10:11:24,17,19,928,1178
2023-09-28 10:11:25,18,19,928,1178
2023-09-28 10:12:04,17,19,928,1178
2023-09-28 10:12:23,17,18,928,1178
2023-09-28 10:12:28,17,19,928,1178
2023-09-28 10:12:29,18,19,928,1178
2023-09-28 10:12:48,17,19,928,1178
2023-09-28 10:12:57,17,18,928,1178
2023-09-28 10:12:58,16,18,928,1178
2023-09-28 10:13:00,17,18,928,1178
2023-09-28 10:13:02,16,18,928,1178
2023-09-28 10:13:15,17,18,928,1178
2023-09-28 10:13:15,17,18,988,1238
2023-09-28 10:13:16,16,18,988,1238
2023-09-28 10:13:27,17,18,988,1238
2023-09-28 10:13:28,16,18,988,1238
2023-09-28 10:13:36,17,18,988,1238
2023-09-28 10:13:40,16,18,988,1238
2023-09-28 10:13:54,17,18,988,1238
2023-09-28 10:14:18,16,18,988,1238
2023-09-28 10:15:02,17,18,988,1238
2023-09-28 10:15:03,16,18,988,1238
2023-09-28 10:15:06,17,18,988,1238
2023-09-28 10:15:09,16,18,988,1238
2023-09-28 10:15:10,17,18,988,1238
2023-09-28 10:15:11,16,18,988,1238
2023-09-28 10:15:18,17,18,988,1238
2023-09-28 10:15:48,16,18,988,1238
2023-09-28 10:15:55,15,18,988,1238
2023-09-28 10:15:57,15,17,988,1238
2023-09-28 10:15:58,15,16,988,1238
2023-09-28 10:16:07,14,16,988,1238
2023-09-28 10:16:08,14,15,988,1238
2023-09-28 10:16:08,14,15,988,1436
2023-09-28 10:16:10,14,15,996,1496
2023-09-28 10:16:21,13,15,996,1496
2023-09-28 10:16:21,13,14,996,1496
2023-09-28 10:16:26,13,15,996,1496
2023-09-28 10:16:29,13,14,996,1496
2023-09-28 10:16:30,13,15,996,1496
2023-09-28 10:16:31,13,14,996,1496
2023-09-28 10:16:48,13,15,996,1496
2023-09-28 10:17:06,13,14,996,1496
2023-09-28 10:17:21,12,14,996,1496
2023-09-28 10:17:42,12,13,996,1496
2023-09-28 10:18:06,11,13,996,1496
2023-09-28 10:18:18,11,12,996,1496
2023-09-28 10:18:24,11,13,996,1496
2023-09-28 10:18:37,12,13,996,1496
2023-09-28 10:18:38,11,13,996,1496
2023-09-28 10:18:39,12,13,996,1496
2023-09-28 10:19:01,12,14,996,1496
2023-09-28 10:19:05,13,14,996,1496
2023-09-28 10:19:13,13,15,996,1496
2023-09-28 10:19:30,13,14,996,1496
2023-09-28 10:19:33,12,14,996,1496
2023-09-28 10:19:34,12,15,996,1496
2023-09-28 10:19:34,13,15,996,1496
2023-09-28 10:19:58,13,15,1088,1596
2023-09-28 10:19:58,14,15,1088,1596
2023-09-28 10:20:20,14,16,1088,1596
2023-09-28 10:20:23,15,16,1088,1596
2023-09-28 10:20:28,15,17,1088,1596
2023-09-28 10:20:29,16,17,1088,1596
2023-09-28 10:20:47,15,17,1088,1596
2023-09-28 10:20:53,16,17,1088,1596
2023-09-28 10:21:16,15,17,1088,1596
2023-09-28 10:21:19,16,17,1088,1596
2023-09-28 10:21:25,15,17,1088,1596
2023-09-28 10:21:33,16,17,1088,1596
2023-09-28 10:21:36,15,17,1088,1596
2023-09-28 10:21:38,16,17,1088,1596
2023-09-28 10:21:39,15,17,1088,1596
2023-09-28 10:21:44,15,16,1088,1596
2023-09-28 10:21:51,14,16,1088,1596
2023-09-28 10:22:00,15,16,1088,1596
2023-09-28 10:22:10,14,16,1088,1596
2023-09-28 10:22:12,14,15,1088,1596
2023-09-28 10:22:18,13,15,1088,1596
2023-09-28 10:22:20,14,15,1088,1596
2023-09-28 10:22:21,13,15,1088,1596
2023-09-28 10:22:22,14,15,1088,1596
2023-09-28 10:22:39,13,15,1088,1596
2023-09-28 10:22:40,14,15,1088,1596
2023-09-28 10:22:48,13,15,1088,1596
2023-09-28 10:22:50,14,15,1088,1596
2023-09-28 10:23:10,13,15,1088,1596
2023-09-28 10:23:18,13,14,1088,1596
2023-09-28 10:24:42,12,13,1087,1597
2023-09-28 10:24:43,12,14,1087,1597
2023-09-28 10:24:44,12,13,1087,1597
2023-09-28 10:24:45,12,14,1087,1597
2023-09-28 10:24:46,12,13,1087,1597
2023-09-28 10:24:50,12,14,1087,1597
2023-09-28 10:24:59,13,14,1087,1597
2023-09-28 10:25:15,12,14,1087,1597
2023-09-28 10:25:28,13,14,1087,1597
2023-09-28 10:25:29,12,14,1087,1597
2023-09-28 10:26:13,12,13,1087,1597
2023-09-28 10:26:20,11,13,1087,1597
2023-09-28 10:28:24,12,13,1087,1597
2023-09-28 10:28:26,11,13,1087,1597
2023-09-28 10:28:32,12,13,1087,1597
2023-09-28 10:28:33,12,14,1087,1597
2023-09-28 10:28:36,12,13,1087,1597
2023-09-28 10:28:41,12,14,1087,1597
2023-09-28 10:29:00,12,15,1087,1597
2023-09-28 10:29:00,13,15,1087,1597
2023-09-28 10:29:00,13,14,1087,1597
2023-09-28 10:29:01,13,15,1087,1597
2023-09-28 10:29:05,13,14,1087,1597
2023-09-28 10:29:06,13,15,1087,1597
2023-09-28 10:29:21,13,14,1087,1597
2023-09-28 10:29:29,12,14,1087,1597
2023-09-28 10:29:29,13,14,1087,1597
2023-09-28 10:29:33,13,15,1087,1597
2023-09-28 10:29:34,12,15,1087,1597
2023-09-28 10:29:34,12,14,1087,1597
2023-09-28 10:29:38,12,15,1087,1597
2023-09-28 10:29:39,12,14,1087,1597
2023-09-28 10:29:44,11,14,1087,1597
2023-09-28 10:30:10,11,13,1087,1597
2023-09-28 10:30:14,11,12,1087,1597
2023-09-28 10:30:18,10,12,1087,1597
2023-09-28 10:30:20,10,11,1087,1597
2023-09-28 10:30:49,9,11,1087,1597
2023-09-28 10:30:52,9,10,1087,1597
2023-09-28 10:31:05,8,10,1087,1597
2023-09-28 10:31:17,8,9,1087,1597
2023-09-28 10:32:22,7,9,1087,1597
2023-09-28 10:32:27,7,8,1087,1597
2023-09-28 10:33:16,7,9,1087,1597
2023-09-28 10:34:11,8,9,1087,1597
2023-09-28 10:34:12,7,9,1087,1597
2023-09-28 10:34:27,8,9,1087,1597
2023-09-28 10:34:30,8,10,1087,1597
2023-09-28 10:34:35,8,9,1087,1597
2023-09-28 10:35:09,8,10,1087,1597
2023-09-28 10:35:11,9,10,1087,1597
2023-09-28 10:35:12,9,11,1087,1597
2023-09-28 10:35:32,9,10,1087,1597
2023-09-28 10:35:33,9,11,1087,1597
2023-09-28 10:35:36,9,10,1087,1597
2023-09-28 10:36:12,8,10,1087,1597
2023-09-28 10:37:20,9,10,1087,1597
2023-09-28 10:37:21,9,11,1087,1597
2023-09-28 10:37:23,9,10,1087,1597
2023-09-28 10:37:32,8,10,1087,1597
2023-09-28 10:38:19,9,10,1087,1597
2023-09-28 10:39:40,9,10,1596,2197
2023-09-28 10:39:44,9,10,1596,2397
2023-09-28 10:39:45,9,10,1796,2597
2023-09-28 10:39:47,9,10,1796,2847
2023-09-28 10:39:53,9,10,1868,3097
2023-09-28 10:39:53,9,10,2068,3297
2023-09-28 10:39:54,9,10,2268,3497
2023-09-28 10:39:54,9,11,2368,3597
2023-09-28 10:40:22,10,11,2368,3597
2023-09-28 10:40:29,9,11,2368,3597
2023-09-28 10:40:30,10,11,2368,3597
2023-09-28 10:40:48,10,12,2368,3597
2023-09-28 10:40:48,11,12,2368,3597
2023-09-28 10:41:04,11,12,2368,3797
2023-09-28 10:41:04,10,12,2368,3797
2023-09-28 10:41:05,10,11,2368,3797
2023-09-28 10:41:07,9,11,2368,3797
2023-09-28 10:41:30,10,11,2368,3797
2023-09-28 10:41:31,9,11,2368,3797
2023-09-28 10:41:38,10,11,2368,3797
2023-09-28 10:41:41,10,12,2368,3797
2023-09-28 10:42:38,11,12,2368,3797
2023-09-28 10:43:22,11,13,2368,3797
2023-09-28 10:43:23,12,13,2368,3797
2023-09-28 10:43:32,12,14,2368,3997
2023-09-28 10:43:33,13,14,2368,3997
2023-09-28 10:43:45,13,14,2368,4097
2023-09-28 10:44:16,13,15,2368,4097
2023-09-28 10:44:25,14,15,2368,4097
2023-09-28 10:44:54,14,16,2368,4097
2023-09-28 10:44:56,15,16,2368,4097
2023-09-28 10:46:10,14,16,2368,4097
2023-09-28 10:46:11,15,16,2368,4097
2023-09-28 10:46:33,15,17,2368,4097
2023-09-28 10:46:34,16,17,2368,4097
2023-09-28 10:47:30,16,18,2368,4297
2023-09-28 10:47:31,17,18,2368,4297
2023-09-28 10:47:54,17,19,2559,4897
2023-09-28 10:47:55,18,19,2559,4897
2023-09-28 10:49:09,17,19,2559,4897
2023-09-28 10:49:11,18,19,2559,4897
2023-09-28 10:49:12,17,19,2559,4897
2023-09-28 10:49:13,18,19,2559,4897
2023-09-28 10:50:27,18,20,2559,4897
2023-09-28 10:50:27,19,20,2559,4897
2023-09-28 10:50:30,19,20,2959,5297
2023-09-28 10:51:11,18,20,2959,5297
2023-09-28 10:51:11,18,19,2959,5297
2023-09-28 10:51:13,18,20,2959,5297
2023-09-28 10:51:24,19,20,2959,5297
2023-09-28 10:52:08,19,20,2959,5497
2023-09-28 10:52:08,18,20,2959,5497
2023-09-28 10:52:08,18,19,2959,5497
2023-09-28 10:52:18,18,20,2959,5497
2023-09-28 10:52:19,18,19,2959,5497
2023-09-28 10:52:27,18,20,2959,5497
2023-09-28 10:52:30,18,19,2959,5497
2023-09-28 10:52:34,18,20,2959,5497
2023-09-28 10:52:36,19,20,2959,5497
2023-09-28 10:54:37,19,21,3359,5897
2023-09-28 10:54:38,20,21,3359,5897
2023-09-28 10:55:07,19,21,3359,5897
2023-09-28 10:55:17,20,21,3359,5897
2023-09-28 10:55:57,20,22,3759,6297
2023-09-28 10:55:57,21,22,3759,6297
2023-09-28 10:56:08,20,22,3759,6297
2023-09-28 10:56:10,20,21,3759,6297
2023-09-28 10:56:47,20,22,3759,6297
2023-09-28 10:56:54,20,22,3559,6497
2023-09-28 10:57:08,20,21,3559,6497
2023-09-28 10:57:10,20,22,3559,6497
2023-09-28 10:57:24,21,22,3559,6497
2023-09-28 10:57:25,20,22,3586,6696
2023-09-28 10:57:28,19,22,3586,6696
2023-09-28 10:57:28,19,21,3586,6696
2023-09-28 10:57:46,18,21,3586,6696
2023-09-28 10:57:56,19,21,3586,6696
2023-09-28 10:57:58,18,21,3586,6696
2023-09-28 10:58:04,18,20,3586,6696
2023-09-28 10:58:13,19,20,3586,6696
2023-09-28 10:58:14,19,21,3586,6696
2023-09-28 10:58:36,19,22,3586,6696
2023-09-28 10:58:52,20,22,3586,6696
2023-09-28 10:59:00,21,22,3586,6696
2023-09-28 11:00:27,20,22,3586,6696
2023-09-28 11:00:32,21,22,3586,6696
2023-09-28 11:00:34,20,22,3586,6696
2023-09-28 11:00:36,21,22,3586,6696
2023-09-28 11:00:49,20,22,3586,6696
2023-09-28 11:00:54,20,21,3586,6696
2023-09-28 11:01:38,19,21,3586,6696
2023-09-28 11:01:39,20,21,3586,6696
2023-09-28 11:01:59,18,21,3586,6696
2023-09-28 11:02:00,19,21,3586,6696
2023-09-28 11:02:04,19,20,3586,6696
2023-09-28 11:02:04,18,20,3586,6696
2023-09-28 11:02:05,17,20,3586,6696
2023-09-28 11:02:05,18,20,3586,6696
2023-09-28 11:02:19,19,20,3586,6696
2023-09-28 11:02:23,19,21,3586,6696
2023-09-28 11:02:49,20,21,3586,6696
2023-09-28 11:02:59,20,21,3646,6756
2023-09-28 11:03:02,19,21,3646,6756
2023-09-28 11:03:05,19,20,3646,6756
2023-09-28 11:03:22,17,20,3646,6756
2023-09-28 11:03:23,18,20,3646,6756
2023-09-28 11:03:25,19,20,3646,6756
2023-09-28 11:05:08,18,20,3646,6756
2023-09-28 11:05:10,17,20,3827,6937
2023-09-28 11:05:11,17,19,3827,6937
2023-09-28 11:05:15,18,19,3827,6937
2023-09-28 11:05:32,18,19,3887,6997
2023-09-28 11:06:01,18,20,3887,6997
2023-09-28 11:06:04,19,20,3887,6997
2023-09-28 11:06:37,18,20,3887,6997
2023-09-28 11:06:41,18,19,3887,6997
2023-09-28 11:06:43,18,20,3887,6997
2023-09-28 11:06:46,18,19,3887,6997
2023-09-28 11:06:47,17,19,3887,6997
2023-09-28 11:06:59,18,19,3887,6997
2023-09-28 11:07:00,17,19,3887,6997
2023-09-28 11:07:03,18,19,3887,6997
2023-09-28 11:07:04,17,19,3887,6997
2023-09-28 11:07:05,18,19,3887,6997
2023-09-28 11:07:06,17,19,3887,6997
2023-09-28 11:07:08,18,19,3887,6997
2023-09-28 11:07:33,18,20,3887,6997
2023-09-28 11:07:41,19,20,3887,6997
2023-09-28 11:07:45,19,21,3887,6997
2023-09-28 11:07:46,20,21,3887,6997
2023-09-28 11:08:15,20,22,4087,7197
2023-09-28 11:08:16,21,22,4087,7197
2023-09-28 11:08:26,21,23,4087,7197
2023-09-28 11:08:26,22,23,4087,7197
2023-09-28 11:09:18,21,23,4087,7197
2023-09-28 11:09:19,22,23,4087,7197
2023-09-28 11:09:41,21,23,4087,7197
2023-09-28 11:09:42,22,23,4087,7197
2023-09-28 11:09:53,21,23,4087,7197
2023-09-28 11:09:55,22,23,4087,7197
2023-09-28 11:10:02,21,23,4087,7197
2023-09-28 11:10:03,22,23,4087,7197
2023-09-28 11:10:13,22,23,4182,7292
2023-09-28 11:10:13,21,23,4182,7292
2023-09-28 11:10:15,22,23,4182,7292
2023-09-28 11:10:19,21,23,4182,7292
2023-09-28 11:10:20,22,23,4182,7292
2023-09-28 11:10:21,21,23,4182,7292
2023-09-28 11:10:24,22,23,4182,7292
2023-09-28 11:10:36,21,23,4182,7292
2023-09-28 11:10:36,21,22,4182,7292
2023-09-28 11:10:40,20,22,4182,7292
2023-09-28 11:10:41,21,22,4182,7292
2023-09-28 11:11:47,20,22,4182,7292
2023-09-28 11:11:48,19,22,4182,7292
2023-09-28 11:11:48,20,22,4182,7292
2023-09-28 11:11:55,20,21,4182,7292
2023-09-28 11:12:39,19,21,4182,7292
2023-09-28 11:12:40,18,21,4182,7292
2023-09-28 11:12:40,19,21,4182,7292
2023-09-28 11:12:43,19,20,4182,7292
2023-09-28 11:12:44,19,21,4182,7292
2023-09-28 11:12:48,20,21,4182,7292
2023-09-28 11:12:48,19,21,4380,7490
2023-09-28 11:12:49,20,21,4380,7490
2023-09-28 11:12:50,19,21,4380,7490
2023-09-28 11:12:53,20,21,4380,7490
2023-09-28 11:13:03,19,21,4380,7490
2023-09-28 11:13:12,19,20,4380,7490
2023-09-28 11:13:14,18,20,4380,7490
2023-09-28 11:13:16,19,20,4380,7490
2023-09-28 11:13:18,19,21,4380,7490
2023-09-28 11:13:19,18,21,4380,7490
2023-09-28 11:13:19,18,20,4380,7490
2023-09-28 11:13:30,18,19,4380,7490
2023-09-28 11:13:31,18,20,4380,7490
2023-09-28 11:13:32,18,19,4380,7490
2023-09-28 11:13:33,18,20,4380,7490
2023-09-28 11:13:37,18,19,4380,7490
2023-09-28 11:13:49,18,20,4380,7490
2023-09-28 11:14:03,19,20,4380,7490
2023-09-28 11:14:04,18,20,4380,7490
2023-09-28 11:14:08,18,19,4380,7490
2023-09-28 11:14:16,18,20,4380,7490
2023-09-28 11:14:17,18,19,4380,7490
2023-09-28 11:14:18,18,20,4380,7490
2023-09-28 11:14:19,19,20,4380,7490
2023-09-28 11:14:21,18,20,4380,7490
2023-09-28 11:14:22,19,20,4380,7490
2023-09-28 11:14:33,18,20,4380,7490
2023-09-28 11:14:34,19,20,4380,7490
2023-09-28 11:14:49,19,21,4380,7490
2023-09-28 11:15:29,20,21,4380,7490
2023-09-28 11:15:50,20,21,4780,7890
2023-09-28 11:16:02,19,21,4780,7890
2023-09-28 11:16:03,20,21,4780,7890
2023-09-28 11:16:04,19,21,4780,7890
2023-09-28 11:16:06,20,21,4780,7890
2023-09-28 11:16:12,19,21,4780,7890
2023-09-28 11:16:14,20,21,4780,7890
2023-09-28 11:16:15,19,21,4780,7890
2023-09-28 11:16:17,20,21,4780,7890
2023-09-28 11:16:21,19,21,4780,7890
2023-09-28 11:16:21,19,20,4780,7890
2023-09-28 11:16:33,18,20,4780,7890
2023-09-28 11:17:09,19,20,4780,7890
2023-09-28 11:17:09,19,21,4780,7890
2023-09-28 11:17:10,19,20,4780,7890
2023-09-28 11:17:14,19,21,4780,7890
2023-09-28 11:17:15,19,20,4780,7890
2023-09-28 11:17:20,19,21,4780,7890
2023-09-28 11:17:21,19,20,4780,7890
2023-09-28 11:17:27,18,20,4780,7890
2023-09-28 11:17:49,19,20,4780,7890
2023-09-28 11:17:53,19,21,4780,7890
2023-09-28 11:17:57,20,21,4780,7890
2023-09-28 11:18:16,20,22,4780,7890
2023-09-28 11:18:23,21,22,4780,7890
2023-09-28 11:18:28,20,22,4780,7890
2023-09-28 11:18:31,21,22,4780,7890
2023-09-28 11:18:38,20,22,4780,7890
2023-09-28 11:18:48,19,22,4780,7890
2023-09-28 11:18:48,19,21,4780,7890
2023-09-28 11:18:49,20,21,4780,7890
2023-09-28 11:18:50,20,22,4780,7890
2023-09-28 11:19:07,21,22,4780,7890
2023-09-28 11:19:46,20,22,4780,7890
2023-09-28 11:19:58,20,21,4780,7890
2023-09-28 11:19:59,19,21,4780,7890
2023-09-28 11:20:11,20,21,4780,7890
2023-09-28 11:20:51,20,22,4780,7890
2023-09-28 11:21:10,21,22,4780,7890
2023-09-28 11:21:36,21,23,4780,7890
2023-09-28 11:21:36,22,23,4780,7890
2023-09-28 11:21:51,20,23,4780,7890
2023-09-28 11:21:52,21,23,4780,7890
2023-09-28 11:21:53,21,22,4780,7890
2023-09-28 11:22:05,20,22,4780,7890
2023-09-28 11:22:07,21,22,4780,7890
2023-09-28 11:22:42,21,23,4780,7890
2023-09-28 11:22:42,22,23,4780,7890
2023-09-28 11:23:09,22,24,4980,8090
2023-09-28 11:23:09,23,24,4980,8090
2023-09-28 11:23:21,23,25,5180,8290
2023-09-28 11:23:22,24,25,5180,8290
2023-09-28 11:23:41,24,25,5580,8690
2023-09-28 11:23:41,24,26,5580,8690
2023-09-28 11:23:42,25,26,5580,8690
2023-09-28 11:23:42,24,26,5764,8874
2023-09-28 11:23:44,25,26,5764,8874
2023-09-28 11:23:44,24,26,5980,9090
2023-09-28 11:23:45,25,26,5980,9090
2023-09-28 11:23:51,25,27,5980,9090
2023-09-28 11:23:52,25,26,5980,9090
2023-09-28 11:24:08,25,27,5980,9090
2023-09-28 11:24:09,25,26,5980,9090
2023-09-28 11:24:11,25,27,5980,9090
2023-09-28 11:24:27,26,27,5980,9090
2023-09-28 11:24:30,26,28,5980,9090
2023-09-28 11:24:32,26,27,5980,9090
2023-09-28 11:24:33,26,28,5980,9090
2023-09-28 11:24:44,26,28,5980,9091
2023-09-28 11:24:48,27,28,5980,9091
2023-09-28 11:24:50,27,28,6040,9151
2023-09-28 11:24:59,27,29,6040,9151
2023-09-28 11:24:59,28,29,6040,9151
2023-09-28 11:25:10,28,30,6040,9151
2023-09-28 11:25:14,28,29,6040,9151
2023-09-28 11:25:28,28,30,6040,9151
2023-09-28 11:25:36,29,30,6040,9151
2023-09-28 11:25:39,29,30,6160,9271
2023-09-28 11:25:40,28,30,6160,9272
2023-09-28 11:25:41,28,29,6160,9272
2023-09-28 11:25:44,28,30,6160,9272
2023-09-28 11:25:53,29,30,6160,9272
2023-09-28 11:25:58,28,30,6160,9272
2023-09-28 11:25:59,29,30,6160,9272
2023-09-28 11:26:00,28,30,6160,9272
2023-09-28 11:26:01,29,30,6160,9272
2023-09-28 11:26:15,28,30,6160,9272
2023-09-28 11:26:16,29,30,6160,9272
2023-09-28 11:26:17,28,30,6160,9272
2023-09-28 11:26:19,28,29,6160,9272
2023-09-28 11:26:22,28,30,6160,9272
2023-09-28 11:26:24,28,29,6160,9272
2023-09-28 11:26:25,28,30,6160,9272
2023-09-28 11:26:26,29,30,6160,9272
2023-09-28 11:26:28,28,30,6160,9272
2023-09-28 11:26:33,29,30,6160,9272
2023-09-28 11:26:34,29,30,6160,9273
2023-09-28 11:26:51,28,30,6160,9273
2023-09-28 11:26:56,28,29,6160,9273
2023-09-28 11:26:57,28,30,6160,9273
2023-09-28 11:27:03,29,30,6160,9273
2023-09-28 11:27:51,29,32,6410,9523
2023-09-28 11:27:51,29,31,6410,9523
2023-09-28 11:27:52,30,31,6410,9523
2023-09-28 11:27:54,30,31,6530,9643
2023-09-28 11:27:57,30,32,6530,9643
2023-09-28 11:28:02,30,31,6530,9643
2023-09-28 11:28:08,30,32,6530,9643
2023-09-28 11:28:09,30,31,6530,9643
2023-09-28 11:29:00,30,33,6530,9643
2023-09-28 11:29:01,30,31,6530,9643
2023-09-28 11:29:04,30,32,6530,9643
2023-09-28 11:29:05,30,31,6530,9643
2023-09-28 11:29:19,29,31,6530,9643
2023-09-28 11:29:21,29,30,6530,9643
2023-09-28 11:29:35,29,32,6530,9643
2023-09-28 11:29:36,29,31,6530,9643
2023-09-28 11:29:36,30,31,6530,9643
2023-09-28 11:29:42,30,32,6630,9743
2023-09-28 11:29:43,31,32,6630,9743
2023-09-28 11:29:48,31,33,6630,9743
2023-09-28 11:29:51,32,33,6630,9743
2023-09-28 11:29:53,32,33,6880,9993
2023-09-28 11:29:58,31,33,6880,9993
2023-09-28 11:29:59,32,33,6880,9993
2023-09-28 11:30:00,31,33,6880,9993
2023-09-28 11:30:01,31,32,6880,9993
2023-09-28 11:30:18,31,35,6880,9993
2023-09-28 11:30:19,31,33,6880,9993
2023-09-28 11:30:19,32,33,6880,9993
2023-09-28 11:30:27,32,35,6880,9993
2023-09-28 11:30:28,32,33,6880,9993
2023-09-28 11:30:34,32,35,6880,9993
2023-09-28 11:30:35,32,34,6880,9993
2023-09-28 11:30:42,33,34,6880,9993
2023-09-28 11:31:32,34,36,6880,10143
2023-09-28 11:31:32,34,36,6684,10339
2023-09-28 11:31:33,34,35,6684,10339
2023-09-28 11:31:45,34,36,6684,10339
2023-09-28 11:31:48,34,35,6684,10339
2023-09-28 11:31:53,34,36,6684,10339
2023-09-28 11:31:54,34,35,6684,10339
2023-09-28 11:31:57,34,36,6684,10339
2023-09-28 11:32:08,35,36,6684,10339
2023-09-28 11:33:27,36,38,6502,10521
2023-09-28 11:33:27,36,37,6502,10521
2023-09-28 11:34:10,36,37,6102,10921
2023-09-28 11:34:40,35,37,6102,10921
2023-09-28 11:34:41,36,37,6102,10921
2023-09-28 11:34:41,35,36,5902,11121
2023-09-28 11:34:43,36,37,5820,11203
2023-09-28 11:34:44,35,37,5820,11203
2023-09-28 11:34:44,35,36,5820,11203
2023-09-28 11:34:50,35,37,5820,11203
2023-09-28 11:34:55,35,36,5820,11203
2023-09-28 11:34:56,35,37,5820,11203
2023-09-28 11:35:04,35,36,5820,11203
2023-09-28 11:35:05,35,37,5820,11203
2023-09-28 11:35:15,35,36,5820,11203
2023-09-28 11:35:19,35,37,5820,11203
2023-09-28 11:35:20,35,36,5820,11203
2023-09-28 11:35:31,35,37,5820,11203
2023-09-28 11:35:33,35,36,5820,11203
2023-09-28 11:36:22,35,36,5620,11403
2023-09-28 11:36:23,35,37,5620,11403
2023-09-28 11:36:30,35,36,5620,11403
2023-09-28 11:36:31,35,37,5620,11403
2023-09-28 11:36:32,36,37,5620,11403
2023-09-28 11:36:47,36,37,5620,11528
2023-09-28 11:36:50,35,37,5620,11528
2023-09-28 11:36:50,36,37,5620,11528
2023-09-28 11:37:38,35,37,5620,11528
2023-09-28 11:37:38,35,36,5620,11528
2023-09-28 11:37:49,35,37,5620,11528
2023-09-28 11:37:51,35,36,5620,11528
2023-09-28 11:38:05,35,36,5420,11728
2023-09-28 11:38:05,35,37,5420,11728
2023-09-28 11:38:07,35,36,5420,11728
2023-09-28 11:38:10,35,36,5220,11928
2023-09-28 11:38:32,35,37,5220,11928
2023-09-28 11:38:34,35,36,5220,11928
2023-09-28 11:38:52,35,37,5220,11928
2023-09-28 11:39:02,35,36,5220,11928
2023-09-28 11:39:05,35,36,5020,12128
2023-09-28 11:39:06,35,37,5020,12128
2023-09-28 11:39:10,36,37,5020,12128
2023-09-28 11:39:11,36,38,5020,12128
2023-09-28 11:39:17,36,37,5020,12128
2023-09-28 11:39:26,36,38,5020,12128
2023-09-28 11:39:28,36,37,5020,12128
2023-09-28 11:39:58,35,37,5020,12128
2023-09-28 11:40:13,35,36,5020,12128
2023-09-28 11:40:26,36,37,4839,12309
2023-09-28 11:40:27,35,37,4839,12309
2023-09-28 11:40:43,36,37,4839,12309
2023-09-28 11:40:44,37,38,4632,12516
2023-09-28 11:41:26,37,39,4632,12516
2023-09-28 11:42:31,37,38,4632,12516
2023-09-28 11:42:32,37,39,4632,12516
2023-09-28 11:42:42,38,39,4632,12516
2023-09-28 11:43:07,38,40,4632,12516
2023-09-28 11:43:07,38,39,4632,12516
2023-09-28 11:43:08,38,40,4632,12516
2023-09-28 11:43:17,38,39,4632,12516
2023-09-28 11:43:25,38,40,4632,12516
2023-09-28 11:43:26,38,39,4632,12516
2023-09-28 11:43:29,38,39,4432,12716
2023-09-28 11:43:29,38,40,4432,12716
2023-09-28 11:43:30,39,40,4432,12716
2023-09-28 11:44:00,39,41,4632,12916
2023-09-28 11:44:01,40,41,4632,12916
2023-09-28 11:45:45,39,41,4632,12916
2023-09-28 11:46:04,40,41,4632,12916
2023-09-28 11:48:23,40,41,5032,13316
2023-09-28 11:49:01,40,42,5032,13316
2023-09-28 11:49:02,41,42,5032,13316
2023-09-28 11:49:11,40,42,5032,13316
2023-09-28 11:49:12,41,42,5032,13316
2023-09-28 11:50:38,41,43,5032,13316
2023-09-28 11:50:49,42,43,5032,13316
2023-09-28 11:50:54,41,43,5032,13316
2023-09-28 11:51:06,42,43,5032,13316
2023-09-28 11:54:15,42,44,5032,13316
2023-09-28 11:54:16,42,43,5032,13316
2023-09-28 11:55:05,42,44,5032,13316
2023-09-28 11:55:07,42,43,5032,13316
2023-09-28 11:55:28,42,44,5032,13316
2023-09-28 11:55:29,42,43,5032,13316
2023-09-28 11:55:38,43,44,4848,13500
2023-09-28 11:55:39,42,44,4848,13500
2023-09-28 11:55:46,43,44,4848,13500
2023-09-28 11:55:47,43,44,4849,13501
2023-09-28 11:55:48,43,44,4850,13502
2023-09-28 11:55:49,43,44,4851,13503
2023-09-28 11:55:51,43,44,4852,13504
2023-09-28 11:56:04,43,44,4853,13505
2023-09-28 11:56:04,43,44,4854,13506
2023-09-28 11:56:05,43,44,5030,13686
2023-09-28 11:56:08,43,44,5030,13693
2023-09-28 11:56:09,43,44,5031,13694
2023-09-28 11:56:09,42,44,5031,13694
2023-09-28 11:56:09,42,44,5032,13695
2023-09-28 11:56:10,42,44,5030,13697
2023-09-28 11:56:10,43,44,5030,13697
2023-09-28 11:56:11,43,44,5031,13698
2023-09-28 11:56:11,43,44,5030,13699
2023-09-28 11:56:11,43,44,5031,13700
2023-09-28 11:56:11,43,44,5030,13701
2023-09-28 11:56:13,43,44,5031,13702
2023-09-28 11:56:13,43,44,5030,13703
2023-09-28 11:56:16,43,44,5150,13823
2023-09-28 11:56:17,42,44,5150,13823
2023-09-28 11:56:17,42,44,5151,13824
2023-09-28 11:56:17,42,44,5149,13826
2023-09-28 11:56:17,43,44,5149,13826
2023-09-28 11:56:25,43,44,5150,13827
2023-09-28 11:56:26,43,44,5151,13828
2023-09-28 11:56:27,43,44,5152,13829
2023-09-28 11:56:28,43,44,5153,13830
2023-09-28 11:56:29,43,44,5154,13831
2023-09-28 11:56:30,43,44,5155,13832
2023-09-28 11:56:32,43,44,5154,13833
2023-09-28 11:56:33,43,44,5153,13834
2023-09-28 11:56:34,43,44,5151,13836
2023-09-28 11:56:35,43,44,5149,13838
2023-09-28 11:56:35,43,44,5150,13839
2023-09-28 11:56:36,43,44,5149,13840
2023-09-28 11:56:36,43,44,5150,13841
2023-09-28 11:56:36,43,44,5149,13842
2023-09-28 11:56:47,43,44,5150,13843
2023-09-28 11:56:55,42,44,5150,13843
2023-09-28 11:57:20,43,44,5150,13843
2023-09-28 11:57:21,42,44,5150,13843
2023-09-28 11:57:23,43,44,5150,13843
2023-09-28 11:57:57,42,44,5051,14143
2023-09-28 11:57:58,43,44,5051,14143
2023-09-28 11:58:07,42,44,5051,14143
2023-09-28 11:58:09,43,44,5051,14143
2023-09-28 11:59:02,43,45,5051,14143
2023-09-28 11:59:05,43,45,5050,14144
2023-09-28 11:59:05,43,44,5050,14144
2023-09-28 11:59:12,43,45,5050,14144
2023-09-28 11:59:20,43,44,5050,14144
2023-09-28 11:59:21,43,45,5050,14144
2023-09-28 11:59:26,43,44,5050,14144
2023-09-28 11:59:32,43,45,5050,14144
2023-09-28 11:59:37,44,45,5050,14144
2023-09-28 12:02:16,44,46,5050,14144
2023-09-28 12:02:16,45,46,5050,14144
2023-09-28 12:02:17,45,46,5051,14145
2023-09-28 12:02:19,45,46,5052,14146
2023-09-28 12:02:19,45,46,5053,14147
2023-09-28 12:02:20,45,46,5054,14148
2023-09-28 12:02:20,45,46,5055,14149
2023-09-28 12:02:21,45,46,5056,14150
2023-09-28 12:02:21,45,46,5057,14151
2023-09-28 12:02:22,45,46,5058,14152
2023-09-28 12:02:22,45,46,5059,14153
2023-09-28 12:02:23,45,46,5060,14154
2023-09-28 12:02:23,45,46,5061,14155
2023-09-28 12:02:24,45,46,5062,14156
2023-09-28 12:02:24,45,46,5063,14157
2023-09-28 12:02:25,45,46,5064,14158
2023-09-28 12:02:25,45,46,5065,14159
2023-09-28 12:02:26,45,46,5066,14160
2023-09-28 12:02:26,45,46,5067,14161
2023-09-28 12:02:27,45,46,5068,14162
2023-09-28 12:02:27,45,46,5069,14163
2023-09-28 12:02:28,45,46,5070,14164
2023-09-28 12:02:32,45,46,5090,14184
2023-09-28 12:10:03,45,46,5070,14204
2023-09-28 12:14:48,45,47,5070,14204
2023-09-28 12:14:48,45,46,5070,14204
2023-09-28 12:14:49,45,47,5070,14204
2023-09-28 12:15:00,46,47,5070,14204
2023-09-28 12:15:01,46,47,5071,14205
2023-09-28 12:15:02,46,47,5072,14206
2023-09-28 12:15:03,46,47,5073,14207
2023-09-28 12:15:08,46,47,5074,14208
2023-09-28 12:15:09,46,47,5075,14209
2023-09-28 12:15:10,46,47,5076,14210
2023-09-28 12:15:11,46,47,5077,14211
2023-09-28 12:15:11,46,47,5078,14212
2023-09-28 12:15:12,46,47,5079,14213
2023-09-28 12:15:12,46,47,5080,14214
2023-09-28 12:15:13,46,47,5081,14215
2023-09-28 12:15:14,46,47,5082,14216
2023-09-28 12:15:14,46,47,5083,14217
2023-09-28 12:15:15,46,47,5084,14218
2023-09-28 12:15:15,46,47,5085,14219
2023-09-28 12:15:16,46,47,5086,14220
2023-09-28 12:15:16,46,47,5087,14221
2023-09-28 12:15:17,46,47,5088,14222
2023-09-28 12:15:21,46,47,5089,14223
2023-09-28 12:15:27,46,47,5090,14224
2023-09-28 12:15:28,46,47,5091,14225
2023-09-28 12:15:29,46,47,5092,14226
2023-09-28 12:15:30,46,47,5093,14227
2023-09-28 12:15:31,46,47,5094,14228
2023-09-28 12:15:31,46,47,5095,14229
2023-09-28 12:15:32,46,47,5096,14230
2023-09-28 12:15:33,46,47,5097,14231
2023-09-28 12:15:34,46,47,5098,14232
2023-09-28 12:15:34,46,47,5099,14233
2023-09-28 12:15:36,46,47,5100,14234
2023-09-28 12:16:45,46,47,5070,14264
2023-09-28 12:17:34,46,47,4670,14664
2023-09-28 12:17:35,45,47,4670,14664
2023-09-28 12:17:35,45,46,4670,14664
2023-09-28 12:19:34,45,47,4670,14664
2023-09-28 12:19:38,45,46,4670,14664
2023-09-28 12:19:44,45,47,4670,14664
2023-09-28 12:19:49,45,46,4670,14664
2023-09-28 12:21:00,45,47,4670,14664
2023-09-28 12:21:12,45,46,4670,14664
2023-09-28 12:21:23,45,47,4670,14664
2023-09-28 12:21:29,45,46,4670,14664
2023-09-28 12:21:31,45,47,4670,14664
2023-09-28 12:21:41,45,46,4670,14664
2023-09-28 12:22:59,45,47,4670,14664
2023-09-28 12:23:06,45,46,4670,14664
2023-09-28 12:23:15,45,47,4670,14664
2023-09-28 12:23:24,45,46,4670,14664
2023-09-28 12:23:25,45,47,4670,14664
2023-09-28 12:23:26,45,46,4670,14664
2023-09-28 12:23:31,45,47,4670,14664
2023-09-28 12:23:32,45,46,4670,14664
2023-09-28 12:23:33,45,47,4670,14664
2023-09-28 12:23:38,45,46,4670,14664
2023-09-28 12:23:39,45,47,4670,14664
2023-09-28 12:24:00,46,47,4670,14664
2023-09-28 12:24:01,45,47,4670,14664
2023-09-28 12:24:04,46,47,4670,14664
2023-09-28 12:24:06,45,47,4670,14664
2023-09-28 12:24:08,46,47,4670,14664
2023-09-28 12:24:10,45,47,4670,14664
2023-09-28 12:24:15,45,46,4670,14664
2023-09-28 12:24:16,45,47,4670,14664
2023-09-28 12:24:17,45,46,4670,14664
2023-09-28 12:24:33,46,47,4573,14854
2023-09-28 12:24:34,45,47,4573,14854
2023-09-28 12:24:40,46,47,4573,14854
2023-09-28 12:26:43,45,47,4573,15054
2023-09-28 12:26:44,45,46,4573,15054
2023-09-28 12:26:55,45,47,4573,15054
2023-09-28 12:26:59,45,46,4573,15054
2023-09-28 12:27:11,44,46,4573,15254
2023-09-28 12:27:12,44,45,4573,15254
2023-09-28 12:27:13,44,45,4521,15306
2023-09-28 12:27:19,44,45,4521,15506
2023-09-28 12:27:20,45,46,4521,15553
2023-09-28 12:27:28,45,47,4521,15553
2023-09-28 12:27:33,46,47,4521,15553
2023-09-28 12:27:34,45,47,4521,15553
2023-09-28 12:27:35,45,46,4521,15553
2023-09-28 12:27:52,44,46,4521,15553
2023-09-28 12:27:53,44,47,4521,15553
2023-09-28 12:27:53,44,47,4521,15953
2023-09-28 12:27:54,44,46,4521,15953
2023-09-28 12:27:55,44,45,4521,15953
2023-09-28 12:28:09,44,45,4327,16147
2023-09-28 12:28:20,44,46,4327,16147
2023-09-28 12:28:21,44,45,4327,16147
2023-09-28 12:28:24,44,45,4147,16327
2023-09-28 12:28:58,43,44,4151,16331
2023-09-28 12:28:59,43,44,4151,16451
2023-09-28 12:29:54,43,44,4151,16452
2023-09-28 12:29:57,42,44,4151,16452
2023-09-28 12:29:58,42,44,4151,16453
2023-09-28 12:29:58,42,44,4151,16457
2023-09-28 12:29:59,42,44,4151,16458
2023-09-28 12:30:03,42,44,4151,16459
2023-09-28 12:30:05,42,44,4151,16460
2023-09-28 12:30:08,42,44,4150,16461
2023-09-28 12:30:10,42,44,4149,16462
2023-09-28 12:30:13,42,44,4148,16463
2023-09-28 12:30:48,43,44,4148,16463
2023-09-28 12:30:55,43,45,4148,16463
2023-09-28 12:30:57,43,44,4148,16463
2023-09-28 12:31:00,42,44,4148,16463
2023-09-28 12:31:10,43,44,4148,16463
2023-09-28 12:31:12,43,45,4148,16463
2023-09-28 12:31:15,43,44,4148,16463
2023-09-28 12:31:20,43,45,4148,16463
2023-09-28 12:31:23,43,44,4148,16463
2023-09-28 12:31:27,43,44,3968,16643
2023-09-28 12:31:38,43,45,3968,16643
2023-09-28 12:31:42,44,45,3968,16643
2023-09-28 12:31:51,44,45,3968,16843
2023-09-28 12:31:51,44,46,3968,16843
2023-09-28 12:32:17,44,47,3965,16846
2023-09-28 12:32:21,45,47,3965,16846
2023-09-28 12:32:30,45,46,3965,16846
2023-09-28 12:32:32,45,47,3965,16846
2023-09-28 12:32:34,45,46,3965,16846
2023-09-28 12:32:35,45,47,3965,16846
2023-09-28 12:32:37,45,46,3965,16846
2023-09-28 12:32:38,45,47,3965,16846
2023-09-28 12:32:39,45,46,3965,16846
2023-09-28 12:32:40,45,47,3965,16846
2023-09-28 12:32:41,45,46,3965,16846
2023-09-28 12:33:05,45,47,3773,17038
2023-09-28 12:33:05,44,47,3773,17038
2023-09-28 12:33:06,44,46,3773,17038
2023-09-28 12:33:08,44,47,3773,17038
2023-09-28 12:33:23,45,47,3773,17038
2023-09-28 12:33:32,45,46,3773,17038
2023-09-28 12:33:39,45,47,3773,17038
2023-09-28 12:33:42,46,47,3773,17038
2023-09-28 12:34:15,46,48,3585,17226
2023-09-28 12:34:29,46,47,3585,17226
2023-09-28 12:35:15,46,48,3585,17226
2023-09-28 12:35:16,46,47,3585,17226
2023-09-28 12:36:55,45,47,3585,17426
2023-09-28 12:36:56,45,46,3585,17426
2023-09-28 12:37:06,45,47,3585,17426
2023-09-28 12:37:13,46,47,3585,17426
2023-09-28 12:37:17,46,48,3585,17426
2023-09-28 12:37:20,46,47,3585,17426
2023-09-28 12:37:21,45,47,3585,17426
2023-09-28 12:37:23,46,47,3585,17426
2023-09-28 12:37:24,45,47,3585,17426
2023-09-28 12:37:26,46,47,3585,17426
2023-09-28 12:37:30,45,47,3585,17426
2023-09-28 12:38:13,45,46,3585,17426
2023-09-28 12:38:42,45,47,3585,17426
2023-09-28 12:38:42,44,47,3585,17826
2023-09-28 12:38:43,44,46,3585,17826
2023-09-28 12:38:44,44,45,3585,17826
2023-09-28 12:39:51,44,46,3585,17826
2023-09-28 12:39:55,44,48,3585,17826
2023-09-28 12:39:55,45,48,3585,17826
2023-09-28 12:39:56,45,47,3585,17826
2023-09-28 12:39:57,45,48,3585,17826
2023-09-28 12:39:58,46,48,3585,17826
2023-09-28 12:40:02,46,47,3585,17826
2023-09-28 12:40:34,46,48,3585,17826
2023-09-28 12:40:47,46,47,3585,17826
2023-09-28 12:42:12,44,47,3585,18026
2023-09-28 12:42:13,44,46,3585,18026
2023-09-28 12:42:22,45,46,3585,18026
2023-09-28 12:42:22,45,47,3585,18026
2023-09-28 12:42:25,45,46,3585,18026
2023-09-28 12:42:26,44,46,3585,18026
2023-09-28 12:43:15,44,47,3585,18026
2023-09-28 12:43:15,45,47,3585,18026
2023-09-28 12:43:16,45,46,3585,18026
2023-09-28 12:43:21,45,47,3585,18026
2023-09-28 12:43:22,44,47,3585,18026
2023-09-28 12:43:22,44,46,3585,18026
2023-09-28 12:43:33,44,45,3585,18026
2023-09-28 12:43:47,44,46,3387,18224
2023-09-28 12:43:48,44,45,3387,18224
2023-09-28 12:43:51,44,46,3387,18224
2023-09-28 12:43:51,44,46,3508,18345
2023-09-28 12:43:52,45,46,3508,18345
2023-09-28 12:44:56,45,46,3508,18424
2023-09-28 12:44:56,45,48,3508,18424
2023-09-28 12:44:57,45,47,3508,18424
2023-09-28 12:44:58,46,47,3508,18424
2023-09-28 12:44:59,46,48,3508,18424
2023-09-28 12:45:00,45,48,3508,18424
2023-09-28 12:45:00,45,47,3508,18424
2023-09-28 12:45:06,45,46,3508,18424
2023-09-28 12:45:07,45,47,3508,18424
2023-09-28 12:45:09,45,46,3508,18424
2023-09-28 12:45:10,45,47,3508,18424
2023-09-28 12:45:19,46,47,3508,18424
2023-09-28 12:45:20,46,48,3508,18424
2023-09-28 12:45:29,46,47,3508,18424
2023-09-28 12:45:30,45,47,3508,18424
2023-09-28 12:45:36,46,47,3508,18424
2023-09-28 12:45:38,46,48,3508,18424
2023-09-28 12:45:39,47,48,3508,18424
2023-09-28 12:46:00,47,49,3508,18424
2023-09-28 12:46:16,47,48,3508,18424
2023-09-28 12:46:19,47,49,3508,18424
2023-09-28 12:46:20,47,48,3508,18424
2023-09-28 12:46:23,47,49,3508,18424
2023-09-28 12:47:03,48,49,3508,18424
2023-09-28 12:47:21,47,49,3508,18424
2023-09-28 12:47:30,48,49,3508,18424
2023-09-28 12:48:31,48,50,3508,18612
2023-09-28 12:48:32,49,50,3508,18612
2023-09-28 12:48:47,48,50,3508,18612
2023-09-28 12:48:51,49,50,3508,18612
2023-09-28 12:48:54,48,50,3508,18612
2023-09-28 12:48:55,49,50,3508,18612
2023-09-28 12:48:56,48,50,3508,18612
2023-09-28 12:48:57,49,50,3508,18612
2023-09-28 12:49:18,49,50,3475,18645
2023-09-28 12:49:33,49,50,3475,19431
2023-09-28 12:50:23,49,51,3475,19612
2023-09-28 12:50:24,50,51,3475,19612
2023-09-28 12:51:05,49,50,3477,19614
2023-09-28 12:51:43,50,51,3595,19732
2023-09-28 12:51:49,50,51,3677,19814
2023-09-28 12:53:27,50,51,3737,19874
2023-09-28 12:53:32,49,51,3737,19874
2023-09-28 12:53:33,50,51,3737,19874
2023-09-28 12:53:42,50,51,3857,19994
2023-09-28 12:54:06,50,51,3887,20024
2023-09-28 12:54:20,50,51,3947,20084
2023-09-28 12:54:55,49,51,3991,20128
2023-09-28 12:54:55,50,51,3991,20128
2023-09-28 12:55:00,49,50,3991,20372
2023-09-28 12:55:02,49,50,4147,20528
2023-09-28 12:55:03,48,50,4147,20528
2023-09-28 12:55:03,48,49,4147,20528
2023-09-28 12:55:04,48,50,4147,20528
2023-09-28 12:55:08,49,50,4147,20528
2023-09-28 12:55:17,49,50,4147,20530
2023-09-28 12:55:47,48,50,4147,20530
2023-09-28 12:55:54,48,49,4147,20530
2023-09-28 12:56:11,48,50,4147,20530
2023-09-28 12:56:12,49,50,4147,20530
2023-09-28 12:56:23,48,50,4147,20530
2023-09-28 12:56:25,49,50,4147,20530
2023-09-28 12:56:33,49,50,4207,20590
2023-09-28 12:56:36,49,50,4267,20650
2023-09-28 12:57:15,49,50,4507,21050
2023-09-28 12:58:08,48,50,4507,21050
2023-09-28 12:58:12,48,49,4507,21050
2023-09-28 12:58:14,48,50,4507,21050
2023-09-28 12:58:15,49,50,4507,21050
2023-09-28 12:58:43,50,51,4511,21054
2023-09-28 12:59:03,49,51,4696,21239
2023-09-28 12:59:03,50,51,4696,21239
2023-09-28 13:00:08,50,51,4760,21303
2023-09-28 13:01:26,49,51,4760,21303
2023-09-28 13:01:26,49,51,4760,21703
2023-09-28 13:01:27,50,51,4760,21703
2023-09-28 13:01:27,50,52,4760,21903
2023-09-28 13:01:28,51,52,4760,21903
2023-09-28 13:01:28,51,52,5079,22303
2023-09-28 13:01:30,51,52,5259,22483
2023-09-28 13:01:51,51,53,5459,22683
2023-09-28 13:01:52,52,53,5459,22683
2023-09-28 13:01:52,52,53,5647,22871
2023-09-28 13:01:53,52,53,5659,22883
2023-09-28 13:01:55,52,53,6059,23283
2023-09-28 13:01:56,51,53,6092,23316
2023-09-28 13:01:57,51,52,6092,23316
2023-09-28 13:02:06,51,52,5692,23716
2023-09-28 13:02:23,51,52,5692,23896
2023-09-28 13:02:29,50,52,5692,23896
2023-09-28 13:02:30,50,51,5692,23896
2023-09-28 13:02:48,50,52,5692,23896
2023-09-28 13:02:49,50,51,5692,23896
2023-09-28 13:02:51,50,52,5692,23896
2023-09-28 13:02:52,50,51,5692,23896
2023-09-28 13:02:54,50,52,5692,23896
2023-09-28 13:03:01,51,52,5692,23896
2023-09-28 13:03:02,50,52,5692,23896
2023-09-28 13:03:18,51,52,5692,23896
2023-09-28 13:03:20,51,53,5692,23896
2023-09-28 13:03:22,51,52,5692,23896
2023-09-28 13:03:24,51,53,5692,23896
2023-09-28 13:03:26,50,53,5692,23896
2023-09-28 13:03:26,50,52,5692,23896
2023-09-28 13:03:35,51,52,5692,23896
2023-09-28 13:03:38,51,53,5692,23896
2023-09-28 13:03:41,51,52,5692,23896
2023-09-28 13:03:42,51,53,5692,23896
2023-09-28 13:03:44,51,52,5692,23896
2023-09-28 13:03:48,50,52,5692,23896
2023-09-28 13:03:49,51,52,5692,23896
2023-09-28 13:04:12,50,52,5692,23896
2023-09-28 13:04:16,51,52,5692,23896
2023-09-28 13:04:23,50,52,5692,23896
2023-09-28 13:04:27,50,51,5692,23896
2023-09-28 13:04:29,50,52,5692,23896
2023-09-28 13:04:31,50,51,5692,23896
2023-09-28 13:04:37,50,52,5692,23896
2023-09-28 13:04:40,50,51,5692,23896
2023-09-28 13:04:46,49,51,5692,23896
2023-09-28 13:04:47,50,51,5692,23896
2023-09-28 13:04:48,49,51,5692,23896
2023-09-28 13:04:56,48,51,5692,23896
2023-09-28 13:04:56,48,50,5692,23896
2023-09-28 13:04:56,48,51,5692,23896
2023-09-28 13:04:59,48,50,5692,23896
2023-09-28 13:05:00,48,51,5692,23896
2023-09-28 13:05:01,48,50,5692,23896
2023-09-28 13:05:03,48,49,5692,23896
2023-09-28 13:05:04,48,50,5692,23896
2023-09-28 13:05:19,48,49,5692,23896
2023-09-28 13:05:27,47,49,5692,23896
2023-09-28 13:05:29,47,48,5692,23896
2023-09-28 13:05:29,46,47,5882,24086
2023-09-28 13:05:30,46,47,5543,24486
2023-09-28 13:05:35,45,46,5543,24487
2023-09-28 13:05:46,44,46,5543,24487
2023-09-28 13:05:54,45,46,5543,24487
2023-09-28 13:05:56,45,47,5543,24487
2023-09-28 13:06:08,45,46,5543,24487
2023-09-28 13:06:11,45,47,5543,24487
2023-09-28 13:06:12,45,46,5543,24487
2023-09-28 13:06:16,44,46,5543,24487
2023-09-28 13:06:19,45,46,5543,24487
2023-09-28 13:06:21,44,46,5543,24487
2023-09-28 13:06:23,45,46,5543,24487
2023-09-28 13:06:33,44,46,5543,24487
2023-09-28 13:06:34,45,46,5543,24487
2023-09-28 13:06:36,44,46,5543,24487
2023-09-28 13:06:38,45,46,5543,24487
2023-09-28 13:06:41,44,46,5543,24487
2023-09-28 13:06:46,45,46,5543,24487
2023-09-28 13:06:50,45,47,5543,24487
2023-09-28 13:06:58,46,47,5543,24487
2023-09-28 13:07:10,46,48,5553,24498
2023-09-28 13:07:11,47,48,5553,24498
2023-09-28 13:07:11,46,48,5751,24696
2023-09-28 13:07:12,47,48,5751,24696
2023-09-28 13:07:26,47,49,5751,24696
2023-09-28 13:07:27,48,49,5751,24696
2023-09-28 13:07:32,48,49,5871,24816
2023-09-28 13:07:41,48,49,6210,25216
2023-09-28 13:07:43,48,50,6210,25216
2023-09-28 13:07:43,49,50,6210,25216
2023-09-28 13:07:43,49,50,6270,25276
2023-09-28 13:07:49,49,50,6270,25331
2023-09-28 13:07:54,49,50,6330,25391
2023-09-28 13:08:22,49,51,6330,25391
2023-09-28 13:08:23,50,51,6330,25391
2023-09-28 13:08:23,50,51,6390,25451
2023-09-28 13:08:48,49,51,6390,25451
2023-09-28 13:08:57,50,51,6390,25451
2023-09-28 13:10:08,50,52,6390,25451
2023-09-28 13:10:13,51,52,6390,25451
2023-09-28 13:13:08,51,52,6490,25551
2023-09-28 13:13:40,50,52,6490,25551
2023-09-28 13:13:56,51,52,6490,25551
2023-09-28 13:14:01,51,52,6504,25565
2023-09-28 13:15:41,51,53,6504,25565
2023-09-28 13:17:37,52,53,6504,25565
2023-09-28 13:17:51,51,53,6504,25565
2023-09-28 13:18:06,52,53,6504,25565
2023-09-28 13:18:15,51,53,6504,25565
2023-09-28 13:18:16,52,53,6504,25565
2023-09-28 13:18:17,51,53,6504,25565
2023-09-28 13:18:21,51,52,6504,25565
2023-09-28 13:18:22,51,53,6504,25565
2023-09-28 13:18:23,52,53,6504,25565
2023-09-28 13:18:34,51,53,6504,25565
2023-09-28 13:18:35,52,53,6504,25565
2023-09-28 13:18:43,51,53,6504,25565
2023-09-28 13:18:49,52,53,6504,25565
2023-09-28 13:18:49,52,53,6685,25746
2023-09-28 13:18:50,51,53,6685,25746
2023-09-28 13:18:58,51,52,6685,25746
2023-09-28 13:18:59,51,53,6685,25746
2023-09-28 13:19:00,51,52,6685,25746
2023-09-28 13:19:01,51,53,6685,25746
2023-09-28 13:19:03,52,53,6685,25746
2023-09-28 13:19:50,52,53,7085,26146
2023-09-28 13:22:19,52,54,7085,26146
2023-09-28 13:23:39,53,54,7085,26146
2023-09-28 13:24:19,53,55,7085,26146
2023-09-28 13:25:48,54,55,7085,26146
2023-09-28 13:27:06,53,55,7085,26146
2023-09-28 13:27:10,53,54,7085,26146
2023-09-28 13:27:14,52,54,7085,26146
2023-09-28 13:27:34,53,54,7085,26146
2023-09-28 13:27:37,52,54,7085,26146
2023-09-28 13:27:53,53,54,7085,26146
2023-09-28 13:28:06,52,54,7085,26146
2023-09-28 13:28:22,53,54,7085,26146
2023-09-28 13:28:23,52,54,7085,26146
2023-09-28 13:28:24,52,53,7085,26146
2023-09-28 13:28:36,50,53,7085,26146
2023-09-28 13:28:37,51,53,7085,26146
2023-09-28 13:28:41,50,53,7085,26146
2023-09-28 13:28:43,50,52,7085,26146
2023-09-28 13:28:45,51,52,7085,26146
2023-09-28 13:28:47,50,52,7085,26146
2023-09-28 13:29:00,50,52,6685,26546
2023-09-28 13:29:01,50,51,6685,26546
2023-09-28 13:30:05,50,51,6885,26746
2023-09-28 13:30:06,49,51,6885,26746
2023-09-28 13:30:09,49,50,6885,26746
2023-09-28 13:30:10,49,51,6885,26746
2023-09-28 13:30:11,49,50,6885,26746
2023-09-28 13:30:21,49,51,6885,26746
2023-09-28 13:30:24,50,51,6885,26746
2023-09-28 13:30:37,49,51,6885,26746
2023-09-28 13:30:42,49,50,6885,26746
2023-09-28 13:30:43,49,51,6885,26746
2023-09-28 13:30:44,49,50,6885,26746
2023-09-28 13:30:47,48,50,6885,26746
2023-09-28 13:30:47,47,50,6885,26746
2023-09-28 13:30:47,47,48,6885,26746
2023-09-28 13:30:50,47,48,6885,26926
2023-09-28 13:30:51,46,48,6885,26926
2023-09-28 13:30:51,46,47,6885,26926
2023-09-28 13:31:02,46,48,6885,26926
2023-09-28 13:31:03,47,48,6885,26926
2023-09-28 13:31:06,46,48,6885,26926
2023-09-28 13:31:10,46,47,6885,26926
2023-09-28 13:31:13,46,48,6885,26926
2023-09-28 13:31:19,46,47,6885,26926
2023-09-28 13:31:23,45,47,6885,26926
2023-09-28 13:31:27,45,46,6885,26926
2023-09-28 13:32:06,44,46,6885,26926
2023-09-28 13:32:09,44,45,6885,26926
2023-09-28 13:32:45,43,45,6885,26926
2023-09-28 13:32:46,42,44,6885,26926
2023-09-28 13:33:01,42,43,6885,26926
2023-09-28 13:33:04,41,43,6885,26926
2023-09-28 13:33:13,42,43,6885,26926
2023-09-28 13:33:19,42,43,6685,27126
2023-09-28 13:33:19,42,44,6685,27126
2023-09-28 13:33:20,43,44,6685,27126
2023-09-28 13:33:21,42,44,6685,27126
2023-09-28 13:33:30,42,43,6685,27126
2023-09-28 13:33:31,42,44,6685,27126
2023-09-28 13:33:34,42,43,6685,27126
2023-09-28 13:34:55,41,43,6685,27126
2023-09-28 13:34:59,41,42,6685,27126
2023-09-28 13:35:30,41,43,6685,27126
2023-09-28 13:36:03,42,43,6685,27126
2023-09-28 13:36:08,42,44,6685,27126
2023-09-28 13:36:09,43,44,6685,27126
2023-09-28 13:36:13,42,44,6685,27126
2023-09-28 13:36:14,43,44,6685,27126
2023-09-28 13:36:18,43,45,6685,27126
2023-09-28 13:36:48,44,45,6685,27126
2023-09-28 13:36:55,43,45,6685,27126
2023-09-28 13:37:06,43,44,6685,27126
2023-09-28 13:37:13,43,45,6685,27126
2023-09-28 13:37:21,44,45,6685,27126
2023-09-28 13:37:29,44,46,6877,27326
2023-09-28 13:37:39,44,45,6877,27326
2023-09-28 13:37:43,43,45,6877,27326
2023-09-28 13:37:54,43,46,6877,27326
2023-09-28 13:37:54,43,44,6877,27326
2023-09-28 13:37:55,43,44,6477,27726
2023-09-28 13:38:19,43,45,6477,27726
2023-09-28 13:38:35,43,44,6477,27726
2023-09-28 13:38:36,42,44,6477,27726
2023-09-28 13:38:40,43,44,6477,27726
2023-09-28 13:38:41,43,45,6477,27726
2023-09-28 13:38:58,43,46,6477,27726
2023-09-28 13:38:59,43,45,6477,27726
2023-09-28 13:39:02,43,46,6477,27726
2023-09-28 13:39:11,43,45,6477,27726
2023-09-28 13:39:27,42,45,6477,27726
2023-09-28 13:39:27,42,44,6477,27726
2023-09-28 13:39:28,42,45,6477,27726
2023-09-28 13:39:30,42,44,6477,27726
2023-09-28 13:40:16,41,44,6477,27726
2023-09-28 13:40:16,41,43,6477,27726
2023-09-28 13:40:18,41,42,6477,27726
2023-09-28 13:40:35,40,41,6477,27727
2023-09-28 13:40:36,39,41,6477,27727
2023-09-28 13:40:49,39,40,6477,27727
2023-09-28 13:40:54,38,40,6477,27727
2023-09-28 13:40:55,38,39,6477,27727
2023-09-28 13:41:16,38,39,6476,27728
2023-09-28 13:41:27,37,39,6476,27728
2023-09-28 13:41:29,38,39,6476,27728
2023-09-28 13:41:38,37,39,6476,27728
2023-09-28 13:41:41,38,39,6476,27728
2023-09-28 13:41:45,39,40,6676,27928
2023-09-28 13:42:10,39,40,6684,27936
2023-09-28 13:42:14,39,40,6692,27944
2023-09-28 13:42:20,39,40,6700,27952
2023-09-28 13:42:29,38,40,6700,27952
2023-09-28 13:43:25,38,39,6700,27952
2023-09-28 13:43:25,38,40,6700,27952
2023-09-28 13:43:40,38,39,6700,27952
2023-09-28 13:43:49,37,39,6700,27952
2023-09-28 13:44:01,36,39,6700,27952
2023-09-28 13:44:01,37,38,6700,27952
2023-09-28 13:44:14,36,38,6700,27952
2023-09-28 13:44:14,37,38,6700,27952
2023-09-28 13:44:17,37,39,6700,27952
2023-09-28 13:44:17,37,38,6700,27952
2023-09-28 13:44:23,37,39,6700,27952
2023-09-28 13:44:29,37,38,6700,27952
2023-09-28 13:44:33,36,38,6700,27952
2023-09-28 13:44:34,36,37,6700,27952
2023-09-28 13:44:37,35,37,6700,27952
2023-09-28 13:44:38,35,36,6700,27952
2023-09-28 13:44:52,35,37,6700,27952
2023-09-28 13:44:52,36,37,6700,27952
2023-09-28 13:45:06,36,38,6700,27952
2023-09-28 13:45:07,36,37,6700,27952
2023-09-28 13:45:08,36,38,6700,27952
2023-09-28 13:45:13,36,39,6700,27952
2023-09-28 13:45:29,36,38,6700,27952
2023-09-28 13:46:06,36,39,6700,27952
2023-09-28 13:46:18,37,39,6700,27952
2023-09-28 13:46:21,37,40,6700,27952
2023-09-28 13:46:21,38,40,6700,27952
2023-09-28 13:46:25,39,40,6700,27952
2023-09-28 13:46:43,40,42,6476,28176
2023-09-28 13:46:46,40,41,6476,28176
2023-09-28 13:46:48,40,42,6476,28176
2023-09-28 13:46:49,40,41,6476,28176
2023-09-28 13:46:55,40,42,6476,28176
2023-09-28 13:46:57,40,41,6476,28176
2023-09-28 13:46:58,41,42,6473,28468
2023-09-28 13:46:59,41,43,6473,28468
2023-09-28 13:47:51,42,43,6473,28468
2023-09-28 13:47:53,42,44,6473,28468
2023-09-28 13:48:18,43,44,6473,28468
2023-09-28 13:48:22,42,44,6473,28468
2023-09-28 13:48:33,42,43,6473,28468
2023-09-28 13:48:37,42,44,6473,28468
2023-09-28 13:48:38,42,43,6473,28468
2023-09-28 13:48:45,42,44,6473,28468
2023-09-28 13:48:52,42,43,6473,28468
2023-09-28 13:49:10,42,44,6473,28468
2023-09-28 13:49:20,42,45,6473,28468
2023-09-28 13:49:20,43,45,6473,28468
2023-09-28 13:49:35,44,45,6473,28468
2023-09-28 13:49:36,44,46,6473,28468
2023-09-28 13:49:43,44,45,6473,28468
2023-09-28 13:49:47,43,45,6473,28468
2023-09-28 13:50:29,43,46,6473,28468
2023-09-28 13:50:30,43,45,6473,28468
2023-09-28 13:50:31,44,45,6473,28468
2023-09-28 13:50:32,43,45,6473,28468
2023-09-28 13:50:41,44,45,6473,28468
2023-09-28 13:50:42,43,45,6473,28468
2023-09-28 13:50:47,44,45,6473,28468
2023-09-28 13:50:48,44,46,6473,28468
2023-09-28 13:51:11,45,46,6473,28468
2023-09-28 13:51:16,44,46,6473,28468
2023-09-28 13:51:46,45,46,6473,28468
2023-09-28 13:52:01,44,46,6473,28468
2023-09-28 13:52:03,44,45,6473,28468
2023-09-28 13:52:33,42,44,6473,28471
2023-09-28 13:52:47,41,44,6473,28471
2023-09-28 13:52:48,41,43,6473,28471
2023-09-28 13:52:51,41,42,6473,28471
2023-09-28 13:53:14,40,42,6473,28471
2023-09-28 13:53:24,40,42,6473,28474
2023-09-28 13:53:27,40,41,6473,28474
2023-09-28 13:53:39,39,41,6473,28474
2023-09-28 13:53:49,40,41,6473,28474
2023-09-28 13:53:52,41,42,6473,28668
2023-09-28 13:53:53,40,42,6473,28668
2023-09-28 13:53:55,40,43,6473,28668
2023-09-28 13:54:03,40,42,6473,28668
2023-09-28 13:55:14,40,43,6473,28668
2023-09-28 13:55:16,40,42,6473,28668
2023-09-28 13:55:58,39,42,6473,28668
2023-09-28 13:55:59,39,41,6473,28668
2023-09-28 13:56:06,39,42,6473,28668
2023-09-28 13:56:07,40,42,6473,28668
2023-09-28 13:56:14,40,43,6473,28668
2023-09-28 13:56:15,41,43,6473,28668
2023-09-28 13:56:20,41,42,6473,28668
2023-09-28 13:56:23,41,43,6473,28668
2023-09-28 13:56:30,41,42,6473,28668
2023-09-28 13:56:31,41,43,6473,28668
2023-09-28 13:56:32,41,42,6473,28668
2023-09-28 13:56:35,41,43,6473,28668
2023-09-28 13:56:52,41,42,6473,28668
2023-09-28 13:56:55,40,42,6473,28668
2023-09-28 13:57:17,41,42,6473,28668
2023-09-28 13:57:25,41,43,6473,28668
2023-09-28 13:58:17,41,42,6473,28668
2023-09-28 13:58:20,40,42,6473,28668
2023-09-28 13:58:20,40,43,6473,28668
2023-09-28 13:58:21,40,42,6473,28668
2023-09-28 13:58:55,40,43,6473,28668
2023-09-28 13:58:57,40,42,6473,28668
2023-09-28 13:59:10,40,41,6473,28668
2023-09-28 13:59:20,40,42,6473,28668
2023-09-28 13:59:23,39,42,6473,28668
2023-09-28 13:59:24,39,41,6473,28668
2023-09-28 13:59:25,40,41,6473,28668
2023-09-28 13:59:43,39,41,6473,28668
2023-09-28 13:59:47,40,41,6473,28668
2023-09-28 13:59:49,40,42,6473,28668
2023-09-28 13:59:59,39,42,6473,28668
2023-09-28 14:00:00,40,42,6473,28668
2023-09-28 14:00:19,40,41,6473,28668
2023-09-28 14:00:19,39,41,6473,28668
2023-09-28 14:00:20,40,41,6473,28668
2023-09-28 14:00:21,39,40,6473,28669
2023-09-28 14:00:21,38,40,6473,28669
2023-09-28 14:00:24,39,40,6473,28669
2023-09-28 14:00:29,39,41,6473,28669
2023-09-28 14:00:30,39,42,6473,28669
2023-09-28 14:00:30,39,41,6473,28669
2023-09-28 14:00:31,39,42,6473,28669
2023-09-28 14:00:36,40,42,6473,28669
2023-09-28 14:00:42,41,42,6473,28669
2023-09-28 14:01:00,39,41,6473,28670
2023-09-28 14:01:17,39,40,6473,28670
2023-09-28 14:01:28,38,40,6473,28670
2023-09-28 14:01:29,39,40,6473,28670
2023-09-28 14:01:30,39,41,6473,28670
2023-09-28 14:01:34,39,40,6473,28670
2023-09-28 14:01:38,38,40,6473,28670
2023-09-28 14:01:44,39,40,6473,28670
2023-09-28 14:01:53,38,40,6473,28670
2023-09-28 14:01:55,39,40,6473,28670
2023-09-28 14:02:01,38,40,6473,28670
2023-09-28 14:02:07,39,40,6473,28670
2023-09-28 14:02:10,39,41,6473,28670
2023-09-28 14:02:30,39,40,6473,28670
2023-09-28 14:02:31,39,41,6473,28670
2023-09-28 14:02:43,39,42,6473,28670
2023-09-28 14:02:44,39,41,6473,28670
2023-09-28 14:02:52,40,41,6473,28670
2023-09-28 14:02:55,41,42,6473,28672
2023-09-28 14:02:59,41,43,6473,28874
2023-09-28 14:03:01,42,43,6473,28874
2023-09-28 14:03:26,40,42,6473,28875
2023-09-28 14:03:33,40,43,6473,28875
2023-09-28 14:03:41,40,42,6473,28875
2023-09-28 14:03:50,40,41,6473,28875
2023-09-28 14:03:54,40,41,6533,28935
2023-09-28 14:03:54,39,41,6533,28935
2023-09-28 14:03:59,38,41,6533,28935
2023-09-28 14:04:00,38,40,6533,28935
2023-09-28 14:04:01,39,40,6533,28935
2023-09-28 14:04:04,38,39,6533,28936
2023-09-28 14:04:04,38,39,6533,28937
2023-09-28 14:04:05,37,39,6533,28937
2023-09-28 14:04:06,38,39,6533,28937
2023-09-28 14:04:10,38,40,6533,28937
2023-09-28 14:04:10,38,40,6533,28938
2023-09-28 14:04:10,39,40,6533,28938
2023-09-28 14:04:11,39,41,6533,28938
2023-09-28 14:04:11,39,42,6533,28938
2023-09-28 14:04:16,39,41,6533,28938
2023-09-28 14:04:50,39,40,6533,28938
2023-09-28 14:05:01,38,40,6533,28938
2023-09-28 14:05:10,38,39,6533,28938
2023-09-28 14:05:17,38,39,6533,29138
2023-09-28 14:05:18,36,38,6533,29139
2023-09-28 14:05:19,37,38,6533,29139
2023-09-28 14:05:20,36,38,6533,29139
2023-09-28 14:05:21,36,37,6533,29139
2023-09-28 14:05:23,35,37,6533,29139
2023-09-28 14:05:25,36,37,6533,29139
2023-09-28 14:05:26,35,37,6533,29139
2023-09-28 14:05:27,36,37,6533,29139
2023-09-28 14:05:29,35,37,6533,29139
2023-09-28 14:05:31,36,37,6533,29139
2023-09-28 14:05:32,36,38,6533,29139
2023-09-28 14:05:48,36,39,6533,29139
2023-09-28 14:05:52,36,38,6533,29139
2023-09-28 14:05:59,36,39,6533,29139
2023-09-28 14:06:00,36,38,6533,29139
2023-09-28 14:06:02,36,39,6533,29139
2023-09-28 14:06:03,37,39,6533,29139
2023-09-28 14:06:04,38,39,6533,29139
2023-09-28 14:06:50,38,41,6533,29139
2023-09-28 14:06:50,39,41,6533,29139
2023-09-28 14:06:50,40,41,6533,29139
2023-09-28 14:06:54,40,41,6533,29140
2023-09-28 14:06:54,39,41,6533,29140
2023-09-28 14:07:17,39,40,6533,29140
2023-09-28 14:07:17,39,40,6533,29141
2023-09-28 14:07:39,39,41,6533,29141
2023-09-28 14:07:43,39,40,6533,29141
2023-09-28 14:08:00,39,41,6533,29141
2023-09-28 14:08:14,40,41,6533,29141
2023-09-28 14:08:14,40,42,6533,29141
2023-09-28 14:08:17,41,42,6533,29141
2023-09-28 14:08:21,41,42,6533,29341
2023-09-28 14:08:21,41,43,6533,29341
2023-09-28 14:08:22,42,43,6533,29341
2023-09-28 14:08:23,41,43,6533,29341
2023-09-28 14:08:26,42,43,6533,29341
2023-09-28 14:08:30,41,43,6533,29341
2023-09-28 14:08:48,42,43,6533,29341
2023-09-28 14:08:50,42,44,6533,29341
2023-09-28 14:09:01,43,44,6533,29341
2023-09-28 14:09:03,42,44,6533,29341
2023-09-28 14:09:06,43,44,6533,29341
2023-09-28 14:09:32,42,44,6533,29341
2023-09-28 14:09:34,42,43,6533,29341
2023-09-28 14:09:36,41,43,6533,29341
2023-09-28 14:09:43,42,43,6533,29341
2023-09-28 14:09:45,42,44,6533,29341
2023-09-28 14:10:06,42,43,6533,29341
2023-09-28 14:10:07,42,44,6533,29341
2023-09-28 14:10:12,42,43,6533,29341
2023-09-28 14:10:16,41,43,6533,29341
2023-09-28 14:10:18,42,43,6533,29341
2023-09-28 14:10:24,42,44,6533,29341
2023-09-28 14:10:25,42,43,6533,29341
2023-09-28 14:10:31,42,44,6533,29341
2023-09-28 14:10:32,42,43,6533,29341
2023-09-28 14:10:34,42,44,6533,29341
2023-09-28 14:10:38,42,43,6533,29341
2023-09-28 14:10:43,42,44,6533,29341
2023-09-28 14:10:56,42,44,6533,29541
2023-09-28 14:10:56,41,43,6533,29541
2023-09-28 14:10:57,40,43,6533,29541
2023-09-28 14:10:57,40,42,6533,29541
2023-09-28 14:11:01,39,42,6533,29541
2023-09-28 14:11:02,39,41,6533,29541
2023-09-28 14:11:17,40,41,6533,29541
2023-09-28 14:11:17,40,42,6533,29541
2023-09-28 14:11:38,39,42,6533,29541
2023-09-28 14:11:40,40,42,6533,29541
2023-09-28 14:11:57,41,42,6533,29541
2023-09-28 14:11:57,41,43,6533,29541
2023-09-28 14:12:20,41,44,6533,29541
2023-09-28 14:12:23,41,43,6533,29541
2023-09-28 14:12:50,40,43,6533,29541
2023-09-28 14:13:07,41,43,6533,29541
2023-09-28 14:13:35,42,43,6533,29541
2023-09-28 14:13:36,42,44,6533,29541
2023-09-28 14:13:41,43,44,6533,29541
2023-09-28 14:13:42,44,46,6533,29723
2023-09-28 14:13:42,44,45,6533,29723
2023-09-28 14:13:43,43,45,6533,29723
2023-09-28 14:13:43,43,46,6533,29723
2023-09-28 14:13:44,44,46,6533,29723
2023-09-28 14:13:48,44,45,6533,29723
2023-09-28 14:13:51,44,46,6533,29723
2023-09-28 14:14:08,44,47,6533,29723
2023-09-28 14:14:08,44,47,6533,29923
2023-09-28 14:14:08,44,46,6533,29923
2023-09-28 14:14:09,46,48,6533,30173
2023-09-28 14:14:10,47,48,6533,30173
2023-09-28 14:14:18,47,49,6533,30373
2023-09-28 14:14:19,48,49,6533,30373
2023-09-28 14:14:20,48,50,6533,30373
2023-09-28 14:14:21,49,50,6533,30373
2023-09-28 14:14:32,49,51,6533,30373
2023-09-28 14:14:37,50,51,6533,30373
2023-09-28 14:14:59,50,51,6533,30706
2023-09-28 14:15:04,50,52,6533,30706
2023-09-28 14:15:07,51,52,6533,30706
2023-09-28 14:15:10,51,53,6533,30706
2023-09-28 14:15:11,52,53,6533,30706
2023-09-28 14:15:24,50,53,6533,30706
2023-09-28 14:15:25,50,52,6533,30706
2023-09-28 14:15:26,51,52,6533,30706
2023-09-28 14:15:26,51,53,6533,30706
2023-09-28 14:15:27,51,52,6533,30706
2023-09-28 14:15:32,51,53,6533,30706
2023-09-28 14:15:40,51,52,6533,30706
2023-09-28 14:15:41,50,52,6533,30706
2023-09-28 14:15:43,51,52,6533,30706
2023-09-28 14:15:45,51,53,6533,30706
2023-09-28 14:16:04,51,52,6533,30706
2023-09-28 14:16:05,51,53,6533,30706
2023-09-28 14:16:17,52,53,6533,30706
2023-09-28 14:16:20,52,54,6653,30826
2023-09-28 14:16:24,53,54,6653,30826
2023-09-28 14:16:35,53,54,6753,30926
2023-09-28 14:16:36,52,53,6836,31009
2023-09-28 14:16:36,52,53,6936,31109
2023-09-28 14:16:36,52,54,6936,31109
2023-09-28 14:16:36,52,53,6936,31109
2023-09-28 14:16:37,52,54,7007,31180
2023-09-28 14:16:37,53,54,7007,31180
2023-09-28 14:16:40,53,55,7007,31180
2023-09-28 14:16:40,54,55,7007,31180
2023-09-28 14:17:05,53,55,7007,31180
2023-09-28 14:17:12,53,54,7007,31180
2023-09-28 14:17:20,53,55,7007,31180
2023-09-28 14:17:25,54,55,7007,31180
2023-09-28 14:17:26,53,55,7007,31180
2023-09-28 14:17:31,53,54,7007,31180
2023-09-28 14:17:42,53,55,7007,31180
2023-09-28 14:17:57,53,54,7007,31180
2023-09-28 14:17:59,53,55,7007,31180
2023-09-28 14:18:01,53,54,7007,31180
2023-09-28 14:18:10,53,55,7007,31180
2023-09-28 14:18:16,54,55,7007,31180
2023-09-28 14:18:18,53,55,7007,31180
2023-09-28 14:18:19,54,55,7007,31180
2023-09-28 14:18:21,53,55,7007,31180
2023-09-28 14:18:35,54,55,7007,31180
2023-09-28 14:18:40,53,55,7007,31180
2023-09-28 14:18:46,54,55,7007,31180
2023-09-28 14:18:47,54,56,7007,31180
2023-09-28 14:19:07,54,55,7007,31180
2023-09-28 14:19:25,54,55,7007,31380
2023-09-28 14:19:25,54,56,7007,31380
2023-09-28 14:19:28,55,56,7007,31380
2023-09-28 14:19:29,55,57,7007,31380
2023-09-28 14:19:30,56,57,7007,31380
2023-09-28 14:19:35,56,58,7007,31780
2023-09-28 14:19:36,57,58,7007,31780
2023-09-28 14:19:53,56,58,7007,31780
2023-09-28 14:19:54,56,57,7007,31780
2023-09-28 14:19:55,55,57,7007,31780
2023-09-28 14:19:58,54,57,7007,32080
2023-09-28 14:19:59,54,56,7007,32080
2023-09-28 14:20:00,54,55,7007,32080
2023-09-28 14:20:05,54,56,7007,32080
2023-09-28 14:20:12,55,56,7007,32080
2023-09-28 14:20:22,55,57,7007,32080
2023-09-28 14:20:36,55,56,7007,32080
2023-09-28 14:20:38,55,57,7007,32080
2023-09-28 14:20:43,55,56,7007,32080
2023-09-28 14:20:46,55,57,7007,32080
2023-09-28 14:21:31,55,58,7007,32080
2023-09-28 14:21:38,56,58,7007,32080
2023-09-28 14:21:40,56,57,7007,32080
2023-09-28 14:21:40,55,57,7007,32080
2023-09-28 14:21:42,56,57,7007,32080
2023-09-28 14:21:58,55,57,7007,32080
2023-09-28 14:22:00,56,57,7007,32080
2023-09-28 14:22:02,55,57,7007,32080
2023-09-28 14:22:03,55,56,7007,32080
2023-09-28 14:22:06,54,56,7007,32080
2023-09-28 14:22:16,55,56,7007,32080
2023-09-28 14:22:17,55,57,7007,32080
2023-09-28 14:22:30,55,56,7007,32080
2023-09-28 14:22:35,55,57,7007,32080
2023-09-28 14:22:36,55,56,7007,32080
2023-09-28 14:22:38,55,57,7007,32080
2023-09-28 14:23:06,56,57,7007,32080
2023-09-28 14:23:06,56,58,7007,32080
2023-09-28 14:23:08,57,58,7007,32080
2023-09-28 14:23:52,57,59,7007,32480
2023-09-28 14:23:53,58,59,7007,32480
2023-09-28 14:24:29,57,59,7007,32480
2023-09-28 14:24:31,57,58,7007,32480
2023-09-28 14:24:31,56,58,7007,32480
2023-09-28 14:24:32,56,57,7007,32480
2023-09-28 14:24:34,55,57,7007,32480
2023-09-28 14:24:34,55,56,7007,32480
2023-09-28 14:24:35,54,56,7007,32480
2023-09-28 14:24:37,54,55,7007,32480
2023-09-28 14:24:42,53,55,7007,32880
2023-09-28 14:24:43,53,54,7007,32880
2023-09-28 14:24:48,53,55,7007,32880
2023-09-28 14:24:55,54,55,7007,32880
2023-09-28 14:25:01,53,55,7007,32880
2023-09-28 14:25:02,53,54,7007,32880
2023-09-28 14:25:09,53,55,7007,32880
2023-09-28 14:25:11,54,55,7007,32880
2023-09-28 14:25:19,54,56,7007,32880
2023-09-28 14:25:33,55,56,7007,32880
2023-09-28 14:25:48,55,58,7207,33080
2023-09-28 14:25:49,56,58,7207,33080
2023-09-28 14:25:50,57,58,7207,33080
2023-09-28 14:25:54,56,58,7207,33080
2023-09-28 14:26:05,57,58,7207,33080
2023-09-28 14:26:08,56,58,7207,33080
2023-09-28 14:26:10,57,58,7207,33080
2023-09-28 14:26:12,57,59,7207,33080
2023-09-28 14:26:17,58,59,7207,33080
2023-09-28 14:26:20,58,60,7207,33280
2023-09-28 14:26:21,59,60,7207,33280
2023-09-28 14:26:35,58,60,7207,33280
2023-09-28 14:26:36,57,60,7207,33280
2023-09-28 14:26:36,57,59,7207,33280
2023-09-28 14:26:43,56,59,7207,33280
2023-09-28 14:26:44,56,58,7207,33280
2023-09-28 14:26:50,56,59,7207,33280
2023-09-28 14:26:51,57,59,7207,33280
2023-09-28 14:27:06,57,60,7207,33280
2023-09-28 14:27:09,58,60,7207,33280
2023-09-28 14:27:12,59,60,7207,33280
2023-09-28 14:28:16,59,61,7207,33280
2023-09-28 14:28:24,60,61,7207,33280
2023-09-28 14:28:25,60,62,7207,33280
2023-09-28 14:28:25,61,62,7207,33280
2023-09-28 14:28:33,60,62,7207,33280
2023-09-28 14:28:34,61,62,7207,33280
2023-09-28 14:29:20,60,62,7207,33280
2023-09-28 14:29:22,61,62,7207,33280
2023-09-28 14:29:34,61,62,7357,33430
2023-09-28 14:29:35,59,62,7357,33430
2023-09-28 14:29:36,59,61,7357,33430
2023-09-28 14:29:47,60,61,7357,33430
2023-09-28 14:29:49,60,62,7357,33430
2023-09-28 14:29:53,60,61,7357,33430
2023-09-28 14:29:55,59,61,7357,33430
2023-09-28 14:30:02,59,62,7357,33430
2023-09-28 14:30:02,60,62,7357,33430
2023-09-28 14:30:03,60,61,7357,33430
2023-09-28 14:30:06,59,61,7357,33430
2023-09-28 14:30:07,58,61,7357,33430
2023-09-28 14:30:09,58,60,7357,33430
2023-09-28 14:30:10,58,59,7357,33430
2023-09-28 14:30:21,57,59,7357,33430
2023-09-28 14:30:22,58,59,7357,33430
2023-09-28 14:30:23,57,59,7357,33430
2023-09-28 14:30:23,57,58,7357,33430
2023-09-28 14:31:50,56,58,7357,33630
2023-09-28 14:31:51,56,57,7357,33630
2023-09-28 14:32:00,55,57,7357,33630
2023-09-28 14:32:18,54,57,7357,33630
2023-09-28 14:32:32,55,57,7357,33630
2023-09-28 14:32:34,54,57,7357,33630
2023-09-28 14:32:36,55,57,7357,33630
2023-09-28 14:32:51,56,57,7357,33630
2023-09-28 14:32:52,56,58,7357,33630
2023-09-28 14:32:52,56,59,7357,33630
2023-09-28 14:32:52,57,59,7357,33630
2023-09-28 14:32:54,58,59,7357,33630
2023-09-28 14:33:01,57,59,7357,33630
2023-09-28 14:33:01,56,59,7357,33630
2023-09-28 14:33:02,57,59,7357,33630
2023-09-28 14:33:11,57,58,7357,33630
2023-09-28 14:33:13,56,58,7357,33630
2023-09-28 14:33:30,56,59,7357,33630
2023-09-28 14:33:32,56,58,7357,33630
2023-09-28 14:33:41,56,59,7357,33630
2023-09-28 14:33:49,57,59,7357,33630
2023-09-28 14:33:49,57,60,7357,33630
2023-09-28 14:33:51,56,60,7357,33630
2023-09-28 14:33:51,56,59,7357,33630
2023-09-28 14:33:56,56,58,7357,33630
2023-09-28 14:33:59,55,58,7357,33630
2023-09-28 14:34:03,55,57,7357,33630
2023-09-28 14:34:11,54,57,7357,33630
2023-09-28 14:34:12,54,56,7357,33630
2023-09-28 14:34:14,55,56,7357,33630
2023-09-28 14:34:17,54,56,7357,33630
2023-09-28 14:34:23,54,55,7357,33630
2023-09-28 14:34:25,52,55,7357,33630
2023-09-28 14:34:26,52,53,7357,33630
2023-09-28 14:34:26,50,53,7357,33630
2023-09-28 14:34:26,50,52,7357,33630
2023-09-28 14:34:27,50,51,7357,33630
2023-09-28 14:34:28,49,51,7557,33830
2023-09-28 14:34:36,47,51,7557,33830
2023-09-28 14:34:37,47,50,7557,33830
2023-09-28 14:34:41,47,49,7557,33830
2023-09-28 14:34:41,47,48,7557,33830
2023-09-28 14:34:45,46,48,7557,33830
2023-09-28 14:34:47,46,47,7557,33830
2023-09-28 14:34:51,45,47,7557,33830
2023-09-28 14:34:58,43,47,7557,33830
2023-09-28 14:34:58,43,46,7557,33830
2023-09-28 14:34:59,43,45,7557,33830
2023-09-28 14:35:00,42,45,7557,33830
2023-09-28 14:35:00,41,42,7557,33830
2023-09-28 14:35:05,40,42,7557,33830
2023-09-28 14:35:07,40,41,7557,33830
2023-09-28 14:35:07,38,41,7557,33830
2023-09-28 14:35:08,37,41,7557,33830
2023-09-28 14:35:08,36,39,7557,33830
2023-09-28 14:35:09,36,38,7557,33830
2023-09-28 14:35:09,36,37,7557,33830
2023-09-28 14:35:15,36,38,7557,33830
2023-09-28 14:35:15,37,38,7557,33830
2023-09-28 14:35:16,37,39,7557,33830
2023-09-28 14:35:18,37,41,7557,33830
2023-09-28 14:35:19,38,41,7557,33830
2023-09-28 14:35:22,39,41,7557,33830
2023-09-28 14:35:23,39,41,7557,34030
2023-09-28 14:35:23,39,40,7557,34030
2023-09-28 14:35:23,38,40,7557,34030
2023-09-28 14:35:35,38,39,7557,34030
2023-09-28 14:35:35,38,39,7557,34031
2023-09-28 14:35:36,38,39,7557,34231
2023-09-28 14:35:36,35,39,7557,34231
2023-09-28 14:35:37,36,39,7557,34231
2023-09-28 14:35:38,37,39,7557,34231
2023-09-28 14:35:39,37,40,7557,34231
2023-09-28 14:35:39,38,40,7557,34231
2023-09-28 14:35:40,39,40,7557,34231
2023-09-28 14:35:40,39,40,7557,34431
2023-09-28 14:35:41,36,40,7557,34431
2023-09-28 14:35:41,36,39,7557,34431
2023-09-28 14:35:42,36,38,7557,34431
2023-09-28 14:35:42,36,38,7457,34531
2023-09-28 14:35:42,37,38,7457,34531
2023-09-28 14:35:43,34,37,7457,34532
2023-09-28 14:35:44,35,37,7457,34532
2023-09-28 14:35:45,34,37,7457,34532
2023-09-28 14:35:45,33,36,7457,34532
2023-09-28 14:35:47,33,35,7457,34532
2023-09-28 14:35:50,34,35,7457,34532
2023-09-28 14:35:51,34,36,7457,34532
2023-09-28 14:36:00,34,36,7457,34534
2023-09-28 14:36:02,34,35,7457,34534
2023-09-28 14:36:03,32,35,7457,34534
2023-09-28 14:36:03,32,34,7457,34534
2023-09-28 14:36:04,32,33,7457,34534
2023-09-28 14:36:05,29,32,7457,34634
2023-09-28 14:36:05,29,32,7456,34635
2023-09-28 14:36:06,29,31,7456,34635
2023-09-28 14:36:06,28,31,7456,35035
2023-09-28 14:36:07,28,30,7456,35035
2023-09-28 14:36:08,27,30,7456,35035
2023-09-28 14:36:15,28,30,7456,35035
2023-09-28 14:36:19,27,30,7456,35035
2023-09-28 14:36:21,27,30,7456,35296
2023-09-28 14:36:22,27,31,7456,35296
2023-09-28 14:36:22,28,31,7456,35296
2023-09-28 14:36:27,27,30,7456,35296
2023-09-28 14:36:28,27,29,7456,35296
2023-09-28 14:36:29,27,28,7456,35296
2023-09-28 14:36:43,27,29,7456,35296
2023-09-28 14:36:44,28,29,7456,35296
2023-09-28 14:36:45,27,29,7456,35296
2023-09-28 14:36:54,26,29,7456,35296
2023-09-28 14:36:55,26,28,7456,35296
2023-09-28 14:36:55,26,28,7456,35296
2023-09-28 14:36:57,26,27,7456,35296
2023-09-28 14:36:57,25,27,7456,35296
2023-09-28 14:36:58,26,27,7456,35296
2023-09-28 14:37:04,25,27,7456,35296
2023-09-28 14:37:08,26,27,7456,35296
2023-09-28 14:37:12,26,28,7456,35296
2023-09-28 14:37:13,26,29,7456,35296
2023-09-28 14:37:13,26,29,7457,35297
2023-09-28 14:37:13,27,29,7457,35297
2023-09-28 14:37:15,28,29,7457,35297
2023-09-28 14:37:18,28,30,7457,35297
2023-09-28 14:37:19,29,30,7457,35297
2023-09-28 14:37:21,29,30,7457,35533
2023-09-28 14:37:21,29,31,7457,35533
2023-09-28 14:37:23,30,31,7457,35533
2023-09-28 14:37:25,29,31,7457,35533
2023-09-28 14:37:26,30,31,7457,35533
2023-09-28 14:37:28,30,32,7457,35533
2023-09-28 14:37:29,31,32,7457,35533
2023-09-28 14:37:30,30,32,7457,35533
2023-09-28 14:37:31,30,32,7458,35534
2023-09-28 14:37:32,30,31,7458,35534
2023-09-28 14:37:33,30,32,7458,35534
2023-09-28 14:37:35,29,32,7458,35534
2023-09-28 14:37:35,29,31,7458,35534
2023-09-28 14:37:41,29,31,7458,35634
2023-09-28 14:37:42,30,31,7458,35634
2023-09-28 14:37:43,30,32,7458,35634
2023-09-28 14:37:44,30,33,7458,35634
2023-09-28 14:37:44,31,33,7458,35634
2023-09-28 14:37:46,31,32,7458,35634
2023-09-28 14:37:47,31,33,7458,35634
2023-09-28 14:37:49,31,34,7458,35634
2023-09-28 14:37:50,32,34,7458,35634
2023-09-28 14:37:51,31,34,7458,35634
2023-09-28 14:37:52,32,34,7458,35634
2023-09-28 14:37:55,32,36,7458,35634
2023-09-28 14:37:55,34,36,7458,35634
2023-09-28 14:37:57,35,36,7458,35634
2023-09-28 14:38:05,35,37,7458,35634
2023-09-28 14:38:10,35,38,7458,35834
2023-09-28 14:38:11,36,38,7458,35834
2023-09-28 14:38:16,36,37,7458,35834
2023-09-28 14:38:17,36,37,7458,35835
2023-09-28 14:38:20,35,37,7458,35860
2023-09-28 14:38:20,34,37,7458,35860
2023-09-28 14:38:26,35,37,7458,35860
2023-09-28 14:38:34,36,37,7458,35860
2023-09-28 14:38:42,36,38,7458,35860
2023-09-28 14:38:43,36,37,7458,35860
2023-09-28 14:38:44,36,38,7458,35860
2023-09-28 14:38:47,36,37,7458,35860
2023-09-28 14:38:55,36,38,7458,35860
2023-09-28 14:38:55,37,38,7458,35860
2023-09-28 14:38:56,37,38,7458,35861
2023-09-28 14:38:58,37,38,7458,35862
2023-09-28 14:39:00,37,39,7458,35862
2023-09-28 14:39:00,37,38,7458,35862
2023-09-28 14:39:02,36,37,7458,35863
2023-09-28 14:39:03,36,38,7458,35863
2023-09-28 14:39:07,37,38,7458,35863
2023-09-28 14:39:07,37,38,7458,35864
2023-09-28 14:39:09,37,40,7458,35864
2023-09-28 14:39:10,37,39,7458,35864
2023-09-28 14:39:10,38,39,7458,35864
2023-09-28 14:39:13,37,38,7458,35865
2023-09-28 14:39:14,37,39,7458,35865
2023-09-28 14:39:15,38,39,7458,35865
2023-09-28 14:39:16,38,40,7458,35865
2023-09-28 14:39:16,38,40,7458,35871
2023-09-28 14:39:24,38,40,7458,35872
2023-09-28 14:39:29,38,42,7458,35872
2023-09-28 14:39:30,39,42,7458,35872
2023-09-28 14:39:30,39,41,7458,35872
2023-09-28 14:39:31,40,42,7458,35872
2023-09-28 14:39:33,39,42,7458,35872
2023-09-28 14:39:33,39,41,7458,35872
2023-09-28 14:39:36,38,41,7458,35872
2023-09-28 14:39:41,37,41,7458,35872
2023-09-28 14:39:41,37,39,7458,35872
2023-09-28 14:39:42,36,39,7458,35872
2023-09-28 14:39:43,37,39,7458,35872
2023-09-28 14:39:46,38,39,7458,35872
2023-09-28 14:39:47,38,40,7458,35872
2023-09-28 14:39:48,38,39,7458,35872
2023-09-28 14:40:05,35,38,7458,35873
2023-09-28 14:40:05,35,37,7458,35873
2023-09-28 14:40:05,36,37,7458,35873
2023-09-28 14:40:06,36,37,7458,35874
2023-09-28 14:40:08,36,39,7458,35874
2023-09-28 14:40:09,36,38,7458,35874
2023-09-28 14:40:15,37,38,7458,35874
2023-09-28 14:40:15,37,39,7458,35874
2023-09-28 14:40:17,37,41,7458,35874
2023-09-28 14:40:17,37,40,7458,35874
2023-09-28 14:40:18,38,40,7458,35874
2023-09-28 14:40:28,38,39,7458,35874
2023-09-28 14:40:30,36,39,7458,35874
2023-09-28 14:40:31,37,39,7458,35874
2023-09-28 14:40:32,36,39,7458,35874
2023-09-28 14:40:33,37,39,7458,35874
2023-09-28 14:40:37,37,38,7458,35874
2023-09-28 14:40:37,36,38,7458,35874
2023-09-28 14:40:38,36,39,7458,35874
2023-09-28 14:40:39,36,38,7458,35874
2023-09-28 14:40:40,35,38,7458,35874
2023-09-28 14:40:40,36,38,7458,35874
2023-09-28 14:40:48,35,38,7458,35874
2023-09-28 14:40:50,36,38,7458,35874
2023-09-28 14:40:53,36,37,7458,35874
2023-09-28 14:40:54,35,37,7458,35874
2023-09-28 14:40:54,34,37,7458,35874
2023-09-28 14:40:55,34,36,7458,35874
2023-09-28 14:40:56,34,36,7458,35876
2023-09-28 14:40:57,34,35,7458,35876
2023-09-28 14:40:59,34,36,7458,35876
2023-09-28 14:41:04,34,37,7458,35876
2023-09-28 14:41:04,35,37,7458,35876
2023-09-28 14:41:14,36,37,7458,35876
2023-09-28 14:41:16,36,38,7458,35876
2023-09-28 14:41:31,36,37,7458,35876
2023-09-28 14:41:36,36,38,7458,35876
2023-09-28 14:41:55,37,38,7458,35876
2023-09-28 14:41:56,36,37,7458,35877
2023-09-28 14:41:57,35,37,7458,35877
2023-09-28 14:42:00,34,37,7458,35877
2023-09-28 14:42:02,35,37,7458,35877
2023-09-28 14:42:06,35,38,7458,35877
2023-09-28 14:42:07,35,37,7458,35877
2023-09-28 14:42:13,35,38,7458,35877
2023-09-28 14:42:16,35,39,7458,35877
2023-09-28 14:42:17,35,38,7458,35877
2023-09-28 14:42:22,35,39,7458,35877
2023-09-28 14:42:23,35,38,7458,35877
2023-09-28 14:42:31,35,37,7458,35877
2023-09-28 14:42:32,35,38,7458,35877
2023-09-28 14:42:35,36,38,7458,35877
2023-09-28 14:42:38,37,38,7458,35877
2023-09-28 14:42:45,38,40,7458,35878
2023-09-28 14:42:52,39,40,7458,35878
2023-09-28 14:42:52,39,42,7458,35878
2023-09-28 14:42:53,40,42,7458,35878
2023-09-28 14:42:53,40,41,7458,35878
2023-09-28 14:42:58,40,42,7458,35878
2023-09-28 14:42:59,41,42,7458,35878
2023-09-28 14:43:07,41,43,7458,35878
2023-09-28 14:43:08,42,43,7458,35878
2023-09-28 14:43:09,42,43,7458,35879
2023-09-28 14:43:10,41,42,7458,35880
2023-09-28 14:43:12,41,42,7458,35881
2023-09-28 14:43:14,41,42,7458,35882
2023-09-28 14:43:16,39,41,7458,35883
2023-09-28 14:43:17,39,40,7458,35883
2023-09-28 14:43:21,39,42,7458,35883
2023-09-28 14:43:22,39,41,7458,35883
2023-09-28 14:43:35,40,41,7458,35883
2023-09-28 14:43:37,40,42,7458,35883
2023-09-28 14:43:47,41,42,7458,35883
2023-09-28 14:43:48,42,43,7458,36071
2023-09-28 14:43:48,42,43,7458,36072
2023-09-28 14:43:49,41,43,7458,36072
2023-09-28 14:43:49,41,43,7458,36073
2023-09-28 14:43:49,42,43,7458,36073
2023-09-28 14:43:51,42,44,7458,36073
2023-09-28 14:43:52,43,44,7458,36073
2023-09-28 14:43:59,43,45,7458,36073
2023-09-28 14:44:00,43,45,7458,36080
2023-09-28 14:44:02,43,45,7458,36280
2023-09-28 14:44:02,44,45,7458,36280
2023-09-28 14:44:02,44,47,7458,36280
2023-09-28 14:44:03,45,47,7458,36280
2023-09-28 14:44:06,46,47,7458,36280
2023-09-28 14:44:13,45,47,7458,36280
2023-09-28 14:44:21,45,46,7458,36280
2023-09-28 14:44:22,44,46,7458,36280
2023-09-28 14:44:22,43,46,7458,36280
2023-09-28 14:44:23,44,46,7458,36280
2023-09-28 14:44:26,43,46,7458,36280
2023-09-28 14:44:27,44,46,7458,36280
2023-09-28 14:44:31,43,46,7458,36280
2023-09-28 14:44:32,44,46,7458,36280
2023-09-28 14:44:33,44,45,7458,36280
2023-09-28 14:44:34,44,46,7458,36280
2023-09-28 14:44:36,44,45,7458,36280
2023-09-28 14:44:40,44,45,7458,36480
2023-09-28 14:44:41,41,45,7458,36480
2023-09-28 14:44:41,41,44,7458,36480
2023-09-28 14:44:42,42,44,7458,36480
2023-09-28 14:44:43,42,43,7458,36480
2023-09-28 14:44:44,41,43,7458,36480
2023-09-28 14:44:47,41,42,7458,36480
2023-09-28 14:44:48,40,42,7458,36480
2023-09-28 14:44:48,39,42,7458,36480
2023-09-28 14:44:54,40,42,7458,36480
2023-09-28 14:44:55,39,42,7458,36480
2023-09-28 14:45:00,39,41,7458,36480
2023-09-28 14:45:01,38,41,7458,36480
2023-09-28 14:45:02,38,40,7458,36480
2023-09-28 14:45:08,37,40,7458,36480
2023-09-28 14:45:09,37,39,7458,36480
2023-09-28 14:45:32,36,39,7458,36480
2023-09-28 14:45:37,36,38,7458,36480
2023-09-28 14:45:51,37,38,7458,36480
2023-09-28 14:45:51,37,39,7458,36480
2023-09-28 14:45:55,37,38,7458,36480
2023-09-28 14:45:57,37,39,7458,36480
2023-09-28 14:46:00,37,40,7458,36480
2023-09-28 14:46:00,37,41,7458,36480
2023-09-28 14:46:01,37,40,7458,36480
2023-09-28 14:46:04,38,40,7458,36480
2023-09-28 14:46:04,38,41,7458,36480
2023-09-28 14:46:06,39,41,7458,36480
2023-09-28 14:46:11,39,40,7458,36480
2023-09-28 14:46:13,38,40,7458,36480
2023-09-28 14:46:25,39,40,7458,36480
2023-09-28 14:46:26,39,41,7458,36480
2023-09-28 14:46:27,40,41,7458,36480
2023-09-28 14:46:30,39,40,7458,36481
2023-09-28 14:46:31,38,40,7458,36481
2023-09-28 14:46:31,38,40,7458,36482
2023-09-28 14:46:35,37,40,7458,36482
2023-09-28 14:46:36,38,40,7458,36482
2023-09-28 14:46:43,37,40,7458,36482
2023-09-28 14:46:45,38,40,7458,36482
2023-09-28 14:46:52,37,40,7458,36482
2023-09-28 14:46:59,37,39,7458,36482
2023-09-28 14:46:59,37,39,7458,36484
2023-09-28 14:46:59,36,39,7458,36484
2023-09-28 14:47:00,36,38,7458,36484
2023-09-28 14:47:06,35,38,7458,36484
2023-09-28 14:47:06,35,37,7458,36484
2023-09-28 14:47:06,35,36,7458,36484
2023-09-28 14:47:17,35,38,7458,36484
2023-09-28 14:47:19,35,37,7458,36484
2023-09-28 14:47:21,35,36,7458,36484
2023-09-28 14:47:21,35,36,7458,36684
2023-09-28 14:47:22,33,36,7458,36684
2023-09-28 14:47:23,34,36,7458,36684
2023-09-28 14:47:24,35,36,7458,36684
2023-09-28 14:47:24,35,36,7458,36884
2023-09-28 14:47:25,34,36,7458,36884
2023-09-28 14:47:26,33,36,7458,36884
2023-09-28 14:47:26,33,35,7458,36884
2023-09-28 14:47:28,33,34,7458,36884
2023-09-28 14:47:29,32,34,7458,36884
2023-09-28 14:47:30,32,33,7458,36884
2023-09-28 14:47:31,30,33,7458,36884
2023-09-28 14:47:51,31,33,7458,36884
2023-09-28 14:47:54,31,34,7458,36884
2023-09-28 14:48:03,31,33,7458,36884
2023-09-28 14:48:05,31,34,7458,36884
2023-09-28 14:48:09,32,34,7458,36884
2023-09-28 14:48:10,32,33,7458,36884
2023-09-28 14:48:10,31,33,7458,36884
2023-09-28 14:48:19,31,32,7458,36884
2023-09-28 14:48:19,31,32,7458,36885
2023-09-28 14:48:20,30,32,7458,36885
2023-09-28 14:48:24,30,33,7458,36885
2023-09-28 14:48:24,31,33,7458,36885
2023-09-28 14:48:24,32,33,7458,36885
2023-09-28 14:48:25,30,32,7458,36886
2023-09-28 14:48:25,31,32,7458,36886
2023-09-28 14:48:49,31,33,7458,36886
2023-09-28 14:48:54,31,32,7458,36886
2023-09-28 14:48:55,30,32,7458,36886
2023-09-28 14:49:03,31,32,7458,36886
2023-09-28 14:49:05,31,33,7458,36886
2023-09-28 14:49:11,32,33,7458,36886
2023-09-28 14:49:17,31,33,7458,36886
2023-09-28 14:49:18,30,33,7458,36886
2023-09-28 14:49:20,30,32,7458,36886
2023-09-28 14:49:24,29,32,7458,36886
2023-09-28 14:49:24,29,31,7458,36886
2023-09-28 14:49:24,29,31,7458,36888
2023-09-28 14:49:25,29,30,7458,36888
2023-09-28 14:49:27,28,30,7458,36888
2023-09-28 14:49:28,28,29,7458,36888
2023-09-28 14:49:39,28,30,7458,36888
2023-09-28 14:49:40,28,31,7458,36888
2023-09-28 14:49:40,29,31,7458,36888
2023-09-28 14:49:44,29,32,7458,36888
2023-09-28 14:49:44,30,32,7458,36888
2023-09-28 14:49:49,30,33,7458,36888
2023-09-28 14:49:50,30,32,7458,36888
2023-09-28 14:49:53,30,31,7458,36888
2023-09-28 14:49:56,30,31,7459,36889
2023-09-28 14:50:06,30,32,7459,36889
2023-09-28 14:50:15,30,33,7459,36889
2023-09-28 14:50:15,31,33,7459,36889
2023-09-28 14:50:16,31,34,7459,36889
2023-09-28 14:50:16,32,34,7459,36889
2023-09-28 14:50:19,32,33,7459,36889
2023-09-28 14:50:19,32,33,7459,36890
2023-09-28 14:50:31,32,34,7459,36890
2023-09-28 14:50:31,33,34,7459,36890
2023-09-28 14:50:33,33,36,7645,37090
2023-09-28 14:50:33,33,36,7645,37092
2023-09-28 14:50:33,34,36,7645,37092
2023-09-28 14:50:38,35,36,7645,37092
2023-09-28 14:50:47,35,37,7645,37092
2023-09-28 14:50:47,36,37,7645,37092
2023-09-28 14:50:48,36,37,7646,37093
2023-09-28 14:50:50,35,36,7647,37094
2023-09-28 14:51:01,35,37,7647,37094
2023-09-28 14:51:01,36,37,7647,37094
2023-09-28 14:51:24,35,36,7647,37095
2023-09-28 14:51:25,34,36,7647,37095
2023-09-28 14:51:28,32,36,7647,37095
2023-09-28 14:51:29,33,36,7647,37095
2023-09-28 14:51:30,33,35,7647,37095
2023-09-28 14:51:30,34,35,7647,37095
2023-09-28 14:51:31,34,36,7647,37095
2023-09-28 14:51:31,35,36,7647,37095
2023-09-28 14:51:36,34,35,7648,37096
2023-09-28 14:51:36,34,35,7648,37100
2023-09-28 14:51:41,32,34,7648,37101
2023-09-28 14:51:42,31,34,7648,37101
2023-09-28 14:51:46,32,34,7648,37101
2023-09-28 14:51:47,33,34,7648,37101
2023-09-28 14:51:48,33,35,7648,37101
2023-09-28 14:51:49,34,35,7648,37101
2023-09-28 14:52:00,33,35,7648,37101
2023-09-28 14:52:25,33,34,7648,37101
2023-09-28 14:52:26,32,34,7648,37101
2023-09-28 14:52:31,33,34,7648,37101
2023-09-28 14:52:34,32,34,7648,37101
2023-09-28 14:52:38,32,34,7648,37102
2023-09-28 14:52:39,31,34,7648,37102
2023-09-28 14:52:44,30,34,7648,37102
2023-09-28 14:52:44,30,33,7648,37102
2023-09-28 14:52:44,31,33,7648,37102
2023-09-28 14:52:46,30,33,7648,37102
2023-09-28 14:52:47,30,34,7648,37102
2023-09-28 14:52:47,31,34,7648,37102
2023-09-28 14:52:48,32,34,7648,37102
2023-09-28 14:52:49,31,34,7648,37102
2023-09-28 14:52:58,31,33,7648,37102
2023-09-28 14:53:05,31,32,7648,37102
2023-09-28 14:53:05,28,31,7833,37287
2023-09-28 14:53:06,28,30,7833,37287
2023-09-28 14:53:07,28,29,7833,37287
2023-09-28 14:53:15,27,29,7833,37287
2023-09-28 14:53:20,28,29,7833,37287
2023-09-28 14:53:21,27,29,7833,37287
2023-09-28 14:53:25,26,29,7833,37287
2023-09-28 14:53:29,26,28,7833,37287
2023-09-28 14:53:29,25,27,7833,37287
2023-09-28 14:53:30,25,26,7833,37287
2023-09-28 14:53:41,25,26,7834,37288
2023-09-28 14:53:49,22,25,7883,37337
2023-09-28 14:53:50,23,25,7883,37337
2023-09-28 14:53:52,22,25,7883,37337
2023-09-28 14:53:55,23,25,7883,37337
2023-09-28 14:53:56,22,25,7883,37337
2023-09-28 14:53:57,23,25,7883,37337
2023-09-28 14:53:59,23,25,7883,37338
2023-09-28 14:54:11,23,26,7883,37338
2023-09-28 14:54:12,24,26,7883,37338
2023-09-28 14:54:13,24,27,7883,37338
2023-09-28 14:54:14,25,27,7883,37338
2023-09-28 14:54:16,26,27,7883,37338
2023-09-28 14:54:17,25,27,7883,37338
2023-09-28 14:54:18,26,27,7883,37338
2023-09-28 14:54:23,25,27,8281,37936
2023-09-28 14:54:26,26,27,8281,37936
2023-09-28 14:54:28,26,29,8281,37936
2023-09-28 14:54:29,26,28,8281,37936
2023-09-28 14:54:31,26,29,8281,37936
2023-09-28 14:54:34,26,28,8281,37936
2023-09-28 14:54:38,25,28,8281,37936
2023-09-28 14:54:47,26,28,8281,37936
2023-09-28 14:55:00,27,28,8281,37936
2023-09-28 14:55:00,27,29,8281,37936
2023-09-28 14:55:01,28,29,8281,37936
2023-09-28 14:55:01,28,30,8281,37936
2023-09-28 14:55:02,29,30,8281,37936
2023-09-28 14:55:03,28,30,8281,37936
2023-09-28 14:55:04,29,30,8281,37936
2023-09-28 14:55:05,28,30,8281,37936
2023-09-28 14:55:06,27,30,8281,37936
2023-09-28 14:55:06,27,29,8281,37936
2023-09-28 14:55:06,28,29,8281,37936
2023-09-28 14:55:09,27,29,8281,37936
2023-09-28 14:55:10,26,29,8281,37936
2023-09-28 14:55:10,27,29,8281,37936
2023-09-28 14:55:16,26,29,8281,37936
2023-09-28 14:55:26,25,29,8281,37936
2023-09-28 14:55:27,25,28,8281,37936
2023-09-28 14:55:28,25,29,8281,37936
2023-09-28 14:55:29,25,28,8281,37936
2023-09-28 14:55:32,25,27,8281,37936
2023-09-28 14:55:33,26,27,8281,37936
2023-09-28 14:55:35,26,28,8281,37936
2023-09-28 14:55:42,26,29,8281,37936
2023-09-28 14:55:45,27,29,8281,37936
2023-09-28 14:55:45,27,30,8281,37936
2023-09-28 14:55:46,28,30,8281,37936
2023-09-28 14:55:47,28,29,8281,37936
2023-09-28 14:55:48,27,29,8281,37936
2023-09-28 14:55:54,26,29,8281,37936
2023-09-28 14:56:03,26,28,8281,37936
2023-09-28 14:56:03,25,28,8281,37936
2023-09-28 14:56:04,24,28,8281,37936
2023-09-28 14:56:04,24,27,8281,37936
2023-09-28 14:56:05,24,26,8281,37936
2023-09-28 14:56:06,25,26,8281,37936
2023-09-28 14:56:07,24,26,8281,37936
2023-09-28 14:56:11,25,26,8281,37936
2023-09-28 14:56:12,25,27,8281,37936
2023-09-28 14:56:15,25,28,8281,37936
2023-09-28 14:56:16,25,29,8281,37936
2023-09-28 14:56:16,26,29,8281,37936
2023-09-28 14:56:16,27,29,8281,37936
2023-09-28 14:56:17,27,30,8281,37936
2023-09-28 14:56:17,28,30,8281,37936
2023-09-28 14:56:18,29,30,8281,37936
2023-09-28 14:56:18,29,31,8281,37936
2023-09-28 14:56:18,30,31,8281,37936
2023-09-28 14:56:19,30,32,8281,37936
2023-09-28 14:56:23,31,32,8281,37936
2023-09-28 14:56:30,30,32,8281,37936
2023-09-28 14:56:35,30,31,8281,37936
2023-09-28 14:56:39,30,32,8281,37936
2023-09-28 14:56:41,31,32,8281,37936
2023-09-28 14:56:49,31,33,8281,37936
2023-09-28 14:56:56,31,35,8281,37936
2023-09-28 14:56:56,32,35,8281,37936
2023-09-28 14:56:57,33,35,8281,37936
2023-09-28 14:56:57,33,36,8281,37936
2023-09-28 14:56:57,34,36,8281,37936
2023-09-28 14:56:59,35,36,8281,37936
2023-09-28 14:57:05,34,36,8281,37936
2023-09-28 14:57:07,34,35,8281,37936
2023-09-28 14:57:08,33,35,8281,37936
2023-09-28 14:57:22,33,36,8281,37936
2023-09-28 14:57:23,34,36,8281,37936
2023-09-28 14:57:26,34,35,8281,37936
2023-09-28 14:57:28,33,35,8281,37936
2023-09-28 14:57:29,34,35,8281,37936
2023-09-28 14:57:32,34,36,8281,37936
2023-09-28 14:57:33,33,36,8281,37936
2023-09-28 14:57:33,33,35,8281,37936
2023-09-28 14:57:36,32,35,8281,37936
2023-09-28 14:58:00,32,34,8281,37936
2023-09-28 14:58:05,31,34,8281,37936
2023-09-28 14:58:12,30,34,8281,37936
2023-09-28 14:58:12,30,33,8281,37936
2023-09-28 14:58:17,29,33,8281,37936
2023-09-28 14:58:17,29,32,8281,37936
2023-09-28 14:58:17,29,31,8281,37936
2023-09-28 14:58:20,30,31,8281,37936
2023-09-28 14:58:21,30,33,8281,37936
2023-09-28 14:58:24,30,32,8281,37936
2023-09-28 14:58:25,31,32,8281,37936
2023-09-28 14:58:25,31,33,8281,37936
2023-09-28 14:58:27,31,35,8281,37936
2023-09-28 14:58:28,32,35,8281,37936
2023-09-28 14:58:30,32,35,8281,37936
2023-09-28 14:58:31,32,36,8281,37936
2023-09-28 14:58:31,32,35,8281,37936
2023-09-28 14:58:33,33,35,8281,37936
2023-09-28 14:58:38,32,35,8281,37936
2023-09-28 14:58:38,32,34,8281,37936
2023-09-28 14:58:51,31,34,8281,37936
2023-09-28 14:58:56,32,34,8281,37936
2023-09-28 14:58:56,33,34,8281,37936
2023-09-28 14:58:57,33,34,8081,38136
2023-09-28 14:58:57,33,35,8081,38136
2023-09-28 14:58:58,34,36,8081,38136
2023-09-28 14:59:04,34,37,8081,38136
2023-09-28 14:59:04,35,37,8081,38136
2023-09-28 14:59:05,36,37,8081,38136
2023-09-28 14:59:09,34,37,8081,38136
2023-09-28 14:59:10,35,37,8081,38136
2023-09-28 14:59:11,35,36,8081,38136
2023-09-28 14:59:13,34,36,8081,38136
2023-09-28 14:59:13,33,36,8081,38136
2023-09-28 14:59:14,34,36,8081,38136
2023-09-28 14:59:16,33,36,8081,38136
2023-09-28 14:59:17,32,36,8081,38136
2023-09-28 14:59:17,33,36,8081,38136
2023-09-28 14:59:19,33,35,8081,38136
2023-09-28 14:59:20,33,36,8081,38136
2023-09-28 14:59:20,34,36,8081,38136
2023-09-28 14:59:26,34,37,8081,38136
2023-09-28 14:59:30,34,36,8081,38136
2023-09-28 14:59:31,34,37,8081,38136
2023-09-28 14:59:32,34,36,8081,38136
2023-09-28 14:59:34,34,37,8081,38136
2023-09-28 14:59:40,34,36,8081,38136
2023-09-28 14:59:41,35,36,8081,38136
2023-09-28 14:59:41,35,37,8081,38136
2023-09-28 14:59:42,36,37,8081,38136
2023-09-28 14:59:45,36,39,8081,38136
2023-09-28 14:59:45,37,39,8081,38136
2023-09-28 14:59:48,37,40,8081,38136
2023-09-28 14:59:49,38,40,8081,38136
2023-09-28 14:59:52,39,40,8081,38136
2023-09-28 14:59:52,39,41,8081,38136
2023-09-28 14:59:52,39,43,8081,38136
2023-09-28 14:59:52,39,42,8081,38136
2023-09-28 14:59:53,40,42,8081,38136
2023-09-28 15:00:00,40,43,8081,38136
2023-09-28 15:00:01,40,42,8081,38136
2023-09-28 15:00:02,41,42,8081,38136
2023-09-28 15:00:02,41,42,8059,38336
2023-09-28 15:00:02,41,44,8059,38336
2023-09-28 15:00:03,42,44,8059,38336
2023-09-28 15:00:05,42,43,8059,38336
2023-09-28 15:00:07,42,44,8059,38336
2023-09-28 15:00:10,41,44,8059,38336
2023-09-28 15:00:10,41,43,8059,38336
2023-09-28 15:00:11,42,43,8059,38336
2023-09-28 15:00:14,42,44,8059,38336
2023-09-28 15:00:18,42,43,8059,38336
2023-09-28 15:00:19,41,43,8059,38336
2023-09-28 15:00:23,41,44,8059,38336
2023-09-28 15:00:26,41,43,8059,38336
2023-09-28 15:00:33,42,43,8059,38336
2023-09-28 15:00:33,42,44,8059,38336
2023-09-28 15:00:36,44,45,8059,38628
2023-09-28 15:00:36,44,46,8059,38628
2023-09-28 15:00:37,44,47,8059,38628
2023-09-28 15:00:37,43,47,8059,38628
2023-09-28 15:00:37,43,46,8059,38628
2023-09-28 15:00:38,44,46,8059,38628
2023-09-28 15:00:38,44,45,8059,38628
2023-09-28 15:00:52,42,45,8059,38628
2023-09-28 15:00:52,41,45,8059,38628
2023-09-28 15:00:52,41,44,8059,38628
2023-09-28 15:00:53,42,44,8059,38628
2023-09-28 15:00:53,42,45,8059,38628
2023-09-28 15:00:54,43,45,8059,38628
2023-09-28 15:00:55,43,44,8059,38628
2023-09-28 15:00:58,43,44,8059,38828
2023-09-28 15:00:59,40,44,8059,38828
2023-09-28 15:00:59,41,44,8059,38828
2023-09-28 15:00:59,41,45,7537,39426
2023-09-28 15:01:00,41,44,7537,39426
2023-09-28 15:01:01,41,44,7537,39426
2023-09-28 15:01:15,41,43,7537,39426
2023-09-28 15:01:17,40,43,7537,39426
2023-09-28 15:01:20,41,43,7537,39426
2023-09-28 15:01:40,40,43,7537,39426
2023-09-28 15:01:42,40,42,7537,39426
2023-09-28 15:01:46,41,42,7537,39426
2023-09-28 15:01:47,41,43,7537,39426
2023-09-28 15:01:48,41,43,7657,39546
2023-09-28 15:01:49,40,43,7657,39546
2023-09-28 15:01:53,41,43,7657,39546
2023-09-28 15:01:56,40,43,7657,39546
2023-09-28 15:02:05,41,43,7657,39546
2023-09-28 15:02:09,40,43,7657,39546
2023-09-28 15:02:11,41,43,7657,39546
2023-09-28 15:02:14,40,43,7657,39546
2023-09-28 15:02:16,41,43,7657,39546
2023-09-28 15:02:24,42,43,7657,39546
2023-09-28 15:02:24,43,44,7657,39554
2023-09-28 15:02:25,42,44,7657,39554
2023-09-28 15:02:25,42,45,7657,39554
2023-09-28 15:02:28,43,45,7657,39554
2023-09-28 15:02:34,43,44,7657,39554
2023-09-28 15:02:35,41,44,7657,39554
2023-09-28 15:02:36,42,44,7657,39554
2023-09-28 15:02:49,42,44,7589,39754
2023-09-28 15:02:49,43,44,7589,39754
2023-09-28 15:02:49,43,45,7589,39754
2023-09-28 15:02:49,43,46,7589,39754
2023-09-28 15:02:50,42,46,7589,39754
2023-09-28 15:02:50,43,46,7589,39754
2023-09-28 15:02:51,44,46,7589,39754
2023-09-28 15:02:58,45,46,7589,39754
2023-09-28 15:02:58,45,48,7589,39754
2023-09-28 15:02:59,44,48,7589,39754
2023-09-28 15:02:59,44,47,7589,39754
2023-09-28 15:03:01,44,46,7589,39754
2023-09-28 15:03:03,45,46,7589,39754
2023-09-28 15:03:03,45,47,7589,39754
2023-09-28 15:03:10,46,47,7589,39754
2023-09-28 15:03:11,46,48,7589,39754
2023-09-28 15:03:15,46,47,7589,39754
2023-09-28 15:03:16,45,47,7589,39754
2023-09-28 15:03:18,44,47,7589,39754
2023-09-28 15:03:24,43,47,7589,39754
2023-09-28 15:03:28,44,47,7589,39754
2023-09-28 15:03:33,43,47,7589,39754
2023-09-28 15:03:34,44,47,7589,39754
2023-09-28 15:03:38,43,47,7589,39754
2023-09-28 15:03:39,44,47,7589,39754
2023-09-28 15:03:40,43,47,7589,39754
2023-09-28 15:03:44,43,46,7589,39754
2023-09-28 15:03:46,42,46,7589,39754
2023-09-28 15:03:50,43,46,7589,39754
2023-09-28 15:04:14,44,46,7589,39754
2023-09-28 15:04:21,45,46,7589,39754
2023-09-28 15:04:32,44,46,7589,39754
2023-09-28 15:04:37,45,46,7589,39754
2023-09-28 15:04:37,45,46,7589,39954
2023-09-28 15:04:38,46,47,7589,40009
2023-09-28 15:04:38,46,48,7589,40009
2023-09-28 15:04:38,46,48,7646,40066
2023-09-28 15:04:47,46,47,7646,40066
2023-09-28 15:04:48,46,48,7646,40066
2023-09-28 15:05:01,47,48,7646,40066
2023-09-28 15:05:03,47,49,7646,40066
2023-09-28 15:05:09,48,49,7646,40066
2023-09-28 15:05:09,48,49,7646,40266
2023-09-28 15:05:09,50,51,7646,40329
2023-09-28 15:05:09,50,52,7646,40329
2023-09-28 15:05:10,48,52,7646,40329
2023-09-28 15:05:10,48,51,7646,40329
2023-09-28 15:05:11,48,50,7646,40329
2023-09-28 15:05:11,49,50,7646,40329
2023-09-28 15:05:18,47,50,7646,40329
2023-09-28 15:05:19,48,50,7646,40329
2023-09-28 15:05:30,48,49,7646,40329
2023-09-28 15:05:34,48,50,7646,40329
2023-09-28 15:05:36,48,49,7646,40329
2023-09-28 15:05:40,48,50,7646,40329
2023-09-28 15:05:50,48,49,7646,40329
2023-09-28 15:05:50,47,49,7646,40329
2023-09-28 15:05:59,48,49,7646,40329
2023-09-28 15:06:00,47,49,7646,40329
2023-09-28 15:06:02,48,49,7646,40329
2023-09-28 15:06:05,48,50,7646,40329
2023-09-28 15:06:19,48,49,7646,40329
2023-09-28 15:06:25,47,49,7646,40329
2023-09-28 15:06:39,45,49,7646,40329
2023-09-28 15:06:40,46,49,7646,40329
2023-09-28 15:06:41,47,49,7646,40329
2023-09-28 15:06:47,47,48,7646,40329
2023-09-28 15:06:49,46,48,7646,40329
2023-09-28 15:06:55,46,47,7646,40329
2023-09-28 15:07:04,43,47,7646,40329
2023-09-28 15:07:05,44,47,7646,40329
2023-09-28 15:07:06,45,47,7646,40329
2023-09-28 15:07:08,45,46,7646,40329
2023-09-28 15:07:09,45,46,7646,40529
2023-09-28 15:07:09,41,44,7646,40849
2023-09-28 15:07:09,42,44,7646,40849
2023-09-28 15:07:10,42,46,7646,40849
2023-09-28 15:07:10,42,45,7646,40849
2023-09-28 15:07:11,42,44,7646,40849
2023-09-28 15:07:16,41,44,7646,40849
2023-09-28 15:07:17,41,43,7646,40849
2023-09-28 15:07:21,41,42,7646,40849
2023-09-28 15:07:28,41,42,7646,41049
2023-09-28 15:07:31,41,43,7646,41249
2023-09-28 15:07:32,42,46,7646,41249
2023-09-28 15:07:33,42,45,7646,41249
2023-09-28 15:07:34,42,44,7646,41249
2023-09-28 15:07:34,43,44,7646,41249
2023-09-28 15:07:35,43,45,7646,41249
2023-09-28 15:07:42,43,44,7646,41249
2023-09-28 15:07:44,42,44,7646,41249
2023-09-28 15:07:51,43,44,7646,41249
2023-09-28 15:07:52,43,45,7646,41249
2023-09-28 15:08:08,43,44,7646,41249
2023-09-28 15:08:25,44,45,7646,41505
2023-09-28 15:08:26,43,45,7646,41505
2023-09-28 15:08:26,43,46,7646,41505
2023-09-28 15:08:31,43,48,7646,41505
2023-09-28 15:08:31,44,48,7646,41505
2023-09-28 15:08:31,44,47,7646,41505
2023-09-28 15:08:32,45,47,7646,41505
2023-09-28 15:08:37,45,49,7646,41505
2023-09-28 15:08:38,46,49,7646,41505
2023-09-28 15:08:44,46,47,7646,41505
2023-09-28 15:08:47,46,48,7646,41505
2023-09-28 15:09:00,46,50,7646,41505
2023-09-28 15:09:01,46,49,7646,41505
2023-09-28 15:09:04,47,49,7646,41505
2023-09-28 15:09:07,47,50,7646,41505
2023-09-28 15:09:12,47,49,7646,41505
2023-09-28 15:09:13,46,49,7646,41505
2023-09-28 15:09:15,47,49,7646,41505
2023-09-28 15:09:16,47,50,7646,41505
2023-09-28 15:09:18,48,50,7646,41505
2023-09-28 15:09:22,47,50,7646,41505
2023-09-28 15:09:23,47,49,7646,41505
2023-09-28 15:09:25,46,49,7646,41505
2023-09-28 15:09:35,46,48,7646,41505
2023-09-28 15:09:35,45,48,7646,41505
2023-09-28 15:09:41,45,47,7646,41505
2023-09-28 15:09:41,45,46,7646,41505
2023-09-28 15:09:45,45,48,7646,41505
2023-09-28 15:09:46,45,49,7646,41505
2023-09-28 15:09:46,46,49,7646,41505
2023-09-28 15:09:46,46,48,7646,41505
2023-09-28 15:09:59,47,48,7646,41505
2023-09-28 15:09:59,47,48,7646,41705
2023-09-28 15:09:59,47,50,7646,41705
2023-09-28 15:10:01,48,50,7646,41705
2023-09-28 15:10:22,49,50,7646,41705
2023-09-28 15:10:23,49,52,7745,41804
2023-09-28 15:10:23,51,52,7745,41804
2023-09-28 15:10:23,51,54,7745,41804
2023-09-28 15:10:23,51,55,7745,41804
2023-09-28 15:10:24,54,55,7745,41804
2023-09-28 15:10:25,54,57,7745,41904
2023-09-28 15:10:26,54,58,7745,41904
2023-09-28 15:10:26,56,58,7745,41904
2023-09-28 15:10:26,57,58,7745,41904
2023-09-28 15:10:36,54,58,7745,41904
2023-09-28 15:10:37,55,58,7745,41904
2023-09-28 15:10:38,56,58,7745,41904
2023-09-28 15:10:41,56,57,7745,41904
2023-09-28 15:10:41,55,57,7745,41904
2023-09-28 15:10:42,55,56,7745,41904
2023-09-28 15:10:42,52,56,7745,41904
2023-09-28 15:10:44,53,56,7745,41904
2023-09-28 15:10:45,54,56,7745,41904
2023-09-28 15:11:01,54,57,7745,41904
2023-09-28 15:11:07,54,56,7745,41904
2023-09-28 15:11:12,54,57,7745,41904
2023-09-28 15:11:15,54,57,7745,42004
2023-09-28 15:11:17,54,58,7745,42004
2023-09-28 15:11:19,55,58,7745,42004
2023-09-28 15:11:38,55,57,7745,42004
2023-09-28 15:11:46,55,58,7745,42004
2023-09-28 15:12:00,55,57,7745,42004
2023-09-28 15:12:01,55,58,7745,42004
2023-09-28 15:12:02,55,57,7745,42004
2023-09-28 15:12:06,55,58,7745,42004
2023-09-28 15:12:08,56,58,7745,42004
2023-09-28 15:12:08,56,59,7745,42004
2023-09-28 15:12:09,57,59,7745,42004
2023-09-28 15:12:12,57,60,7745,42004
2023-09-28 15:12:12,57,59,7745,42004
2023-09-28 15:12:13,58,59,7745,42004
2023-09-28 15:12:14,58,60,7745,42004
2023-09-28 15:12:15,58,61,7745,42004
2023-09-28 15:12:16,58,61,7745,42004
2023-09-28 15:12:16,58,60,7745,42004
2023-09-28 15:12:17,59,61,7745,42004
2023-09-28 15:12:19,59,62,7745,42004
2023-09-28 15:12:20,60,62,7745,42004
2023-09-28 15:12:22,61,62,7745,42004
2023-09-28 15:12:23,61,63,7745,42004
2023-09-28 15:12:24,62,63,7745,42004
2023-09-28 15:12:33,59,63,7745,42004
2023-09-28 15:12:34,60,63,7745,42004
2023-09-28 15:12:34,60,62,7745,42004
2023-09-28 15:12:35,60,63,7745,42004
2023-09-28 15:12:35,61,63,7745,42004
2023-09-28 15:12:44,62,63,7745,42004
2023-09-28 15:12:52,62,65,7745,42004
2023-09-28 15:12:55,63,65,7745,42004
2023-09-28 15:12:57,63,66,7745,42204
2023-09-28 15:12:57,64,66,7745,42204
2023-09-28 15:12:58,65,66,7745,42204
2023-09-28 15:13:03,64,66,7745,42204
2023-09-28 15:13:04,63,66,7745,42204
2023-09-28 15:13:04,63,65,7745,42204
2023-09-28 15:13:06,64,65,7745,42204
2023-09-28 15:13:07,64,66,7745,42204
2023-09-28 15:13:09,63,66,7745,42204
2023-09-28 15:13:09,63,65,7745,42204
2023-09-28 15:13:20,61,65,7745,42204
2023-09-28 15:13:20,62,65,7745,42204
2023-09-28 15:13:21,61,65,7745,42204
2023-09-28 15:13:22,62,65,7745,42204
2023-09-28 15:13:23,61,65,7745,42204
2023-09-28 15:13:25,61,64,7745,42204
2023-09-28 15:13:30,61,63,7745,42204
2023-09-28 15:13:30,59,63,7745,42204
2023-09-28 15:13:31,59,62,7745,42204
2023-09-28 15:13:32,59,61,7745,42204
2023-09-28 15:14:06,60,61,7745,42204
2023-09-28 15:14:15,60,62,7745,42204
2023-09-28 15:14:15,61,62,7745,42204
2023-09-28 15:14:22,61,64,7745,42204
2023-09-28 15:14:22,61,65,7745,42204
2023-09-28 15:14:23,61,64,7745,42204
2023-09-28 15:14:24,61,63,7745,42204
2023-09-28 15:14:37,62,63,7745,42204
2023-09-28 15:14:38,62,64,7745,42204
2023-09-28 15:14:38,63,64,7745,42204
2023-09-28 15:14:39,63,66,7745,42204
2023-09-28 15:14:40,64,66,7745,42204
2023-09-28 15:14:41,64,67,7745,42204
2023-09-28 15:14:41,65,67,7745,42204
2023-09-28 15:14:45,65,69,7745,42204
2023-09-28 15:14:47,66,69,7745,42204
2023-09-28 15:14:53,67,69,7745,42204
2023-09-28 15:15:05,67,68,7745,42204
2023-09-28 15:15:06,67,69,7745,42204
2023-09-28 15:15:11,67,68,7745,42204
2023-09-28 15:15:16,67,69,7745,42204
2023-09-28 15:15:18,67,70,7745,42204
2023-09-28 15:15:22,68,70,7745,42204
2023-09-28 15:15:40,69,70,7745,42204
2023-09-28 15:15:41,69,71,7745,42204
2023-09-28 15:15:43,68,71,7745,42204
2023-09-28 15:15:43,68,72,7745,42404
2023-09-28 15:15:43,70,72,7745,42404
2023-09-28 15:15:44,71,72,7745,42404
2023-09-28 15:15:50,71,73,7745,42404
2023-09-28 15:15:56,72,73,7745,42404
2023-09-28 15:16:00,73,75,7845,42504
2023-09-28 15:16:00,73,74,7845,42504
2023-09-28 15:16:06,74,75,7995,42654
2023-09-28 15:16:06,74,76,7995,42654
2023-09-28 15:16:07,75,76,7995,42654
2023-09-28 15:16:07,75,77,7995,42654
2023-09-28 15:16:07,75,76,7995,42654
2023-09-28 15:16:19,75,77,8045,42704
2023-09-28 15:16:24,76,77,8045,42704
2023-09-28 15:16:27,75,77,8045,42704
2023-09-28 15:16:32,76,77,8045,42704
2023-09-28 15:16:34,75,77,8045,42704
2023-09-28 15:16:39,75,78,8045,42704
2023-09-28 15:16:39,76,78,8045,42704
2023-09-28 15:16:44,76,77,8045,42704
2023-09-28 15:16:49,75,77,8045,42704
2023-09-28 15:16:49,76,77,8045,42704
2023-09-28 15:16:50,75,77,8045,42704
2023-09-28 15:16:52,75,78,8045,42963
2023-09-28 15:16:53,75,77,8045,42963
2023-09-28 15:16:54,75,78,8045,42963
2023-09-28 15:16:55,76,78,8045,42963
2023-09-28 15:16:55,76,77,8045,42963
2023-09-28 15:16:57,75,77,8045,42963
2023-09-28 15:17:00,75,78,8045,42963
2023-09-28 15:17:01,76,78,8045,42963
2023-09-28 15:17:14,76,78,8045,43263
2023-09-28 15:17:14,76,79,8045,43263
2023-09-28 15:17:15,77,79,8045,43263
2023-09-28 15:17:17,77,79,7645,43663
2023-09-28 15:17:18,78,79,7645,43663
2023-09-28 15:17:18,78,80,7645,43663
2023-09-28 15:17:19,78,79,7645,43663
2023-09-28 15:17:24,78,80,7645,43663
2023-09-28 15:17:25,78,79,7645,43663
2023-09-28 15:17:25,78,79,7825,43843
2023-09-28 15:17:26,77,79,7825,43843
2023-09-28 15:17:26,77,80,7825,43843
2023-09-28 15:17:26,78,80,7825,43843
2023-09-28 15:17:26,78,79,7825,43843
2023-09-28 15:17:27,78,80,7825,43843
2023-09-28 15:17:27,78,79,7825,43843
2023-09-28 15:17:28,77,79,7825,43843
2023-09-28 15:17:38,77,80,7825,43843
2023-09-28 15:17:40,78,80,7825,43843
2023-09-28 15:18:12,78,79,7825,43843
2023-09-28 15:18:23,78,80,7825,43843
2023-09-28 15:18:24,78,79,7825,43843
