datetime,bid,ask,open_interest,volume
2023-05-31 09:31:03,28,39,1529,2699
2023-05-31 09:31:04,28,29,1529,2699
2023-05-31 09:31:10,28,30,1729,2899
2023-05-31 09:31:15,28,30,1929,3099
2023-05-31 09:31:16,28,30,2129,3299
2023-05-31 09:31:39,28,30,2329,3499
2023-05-31 09:31:40,28,30,2529,3699
2023-05-31 09:31:45,28,30,2729,3899
2023-05-31 09:31:46,30,31,2732,3902
2023-05-31 09:31:46,28,31,2732,3902
2023-05-31 09:32:00,28,31,2932,4102
2023-05-31 09:32:33,29,31,2932,4102
2023-05-31 09:32:56,29,31,2692,4342
2023-05-31 09:33:10,28,31,2692,4342
2023-05-31 09:33:31,28,31,2494,4542
2023-05-31 09:33:51,28,31,2294,4742
2023-05-31 09:33:52,28,30,2294,4742
2023-05-31 09:34:14,28,30,2094,4942
2023-05-31 09:34:14,27,30,2094,4942
2023-05-31 09:34:30,27,29,2094,4942
2023-05-31 09:34:42,26,27,1982,5132
2023-05-31 09:34:42,26,29,1982,5132
2023-05-31 09:34:44,27,29,1982,5132
2023-05-31 09:34:45,26,29,1982,5132
2023-05-31 09:34:46,27,29,1982,5132
2023-05-31 09:35:26,27,29,2473,5632
2023-05-31 09:35:27,28,29,2473,5632
2023-05-31 09:35:33,28,30,2473,5632
2023-05-31 09:36:26,28,30,2273,5832
2023-05-31 09:36:59,29,30,2273,5832
2023-05-31 09:37:02,28,30,2273,5832
2023-05-31 09:37:51,28,30,2470,6032
2023-05-31 09:37:53,28,30,2643,6232
2023-05-31 09:38:23,27,28,2643,6235
2023-05-31 09:38:24,27,30,2643,6235
2023-05-31 09:38:28,27,30,2443,6435
2023-05-31 09:38:31,27,30,2246,6635
2023-05-31 09:38:32,27,30,2046,6835
2023-05-31 09:38:32,27,29,2046,6835
2023-05-31 09:38:42,26,27,1866,7018
2023-05-31 09:38:42,26,29,1866,7018
2023-05-31 09:38:46,26,28,1866,7018
2023-05-31 09:38:49,25,26,2126,7982
2023-05-31 09:38:49,25,26,2299,8182
2023-05-31 09:38:53,25,26,2499,8382
2023-05-31 09:39:01,25,26,2699,8582
2023-05-31 09:39:02,24,25,2702,8585
2023-05-31 09:39:02,24,26,2702,8585
2023-05-31 09:39:02,25,26,2702,8585
2023-05-31 09:39:06,25,26,2791,8785
2023-05-31 09:39:18,25,26,2791,8985
2023-05-31 09:39:51,25,26,2791,9185
2023-05-31 09:39:56,24,25,2794,9188
2023-05-31 09:40:05,23,25,2794,9188
2023-05-31 09:40:40,23,25,2994,9388
2023-05-31 09:40:50,23,25,3194,9588
2023-05-31 09:40:52,22,25,3194,9588
2023-05-31 09:40:52,23,25,3194,9588
2023-05-31 09:40:58,22,25,3194,9588
2023-05-31 09:41:06,22,24,3194,9588
2023-05-31 09:41:12,22,23,3194,9588
2023-05-31 09:41:24,21,23,3194,9588
2023-05-31 09:41:26,21,22,3194,9588
2023-05-31 09:41:28,21,23,3194,9588
2023-05-31 09:41:52,21,23,3094,9688
2023-05-31 09:41:53,21,23,2994,9788
2023-05-31 09:41:54,21,24,2899,9883
2023-05-31 09:41:58,22,24,2899,9883
2023-05-31 09:42:01,21,24,2899,9883
2023-05-31 09:42:01,21,24,3099,10083
2023-05-31 09:42:02,21,24,3299,10283
2023-05-31 09:42:03,21,23,3299,10283
2023-05-31 09:42:04,21,23,3199,10383
2023-05-31 09:42:05,21,24,3199,10383
2023-05-31 09:42:05,21,24,3399,10583
2023-05-31 09:42:06,21,23,3399,10583
2023-05-31 09:42:08,21,24,3385,10661
2023-05-31 09:42:15,21,23,3385,10661
2023-05-31 09:42:15,22,23,3385,10661
2023-05-31 09:42:16,22,23,3385,10761
2023-05-31 09:42:18,22,23,3385,10861
2023-05-31 09:42:19,22,23,3585,11061
2023-05-31 09:42:19,22,24,3585,11113
2023-05-31 09:42:33,22,23,3585,11113
2023-05-31 09:42:34,22,24,3585,11113
2023-05-31 09:42:34,22,23,3585,11113
2023-05-31 09:42:46,22,24,3585,11113
2023-05-31 09:44:49,22,23,3585,11113
2023-05-31 09:45:33,21,22,3585,11141
2023-05-31 09:45:36,20,22,3585,11141
2023-05-31 09:45:38,20,21,3585,11141
2023-05-31 09:46:03,19,20,3788,11344
2023-05-31 09:46:08,19,20,3988,11544
2023-05-31 09:46:21,19,20,4088,11644
2023-05-31 09:46:24,19,20,4188,11744
2023-05-31 09:46:25,19,20,4288,11844
2023-05-31 09:46:27,19,20,4388,11944
2023-05-31 09:46:28,19,20,4488,12044
2023-05-31 09:46:29,19,20,4588,12144
2023-05-31 09:47:23,19,22,4671,12644
2023-05-31 09:47:28,19,21,4671,12644
2023-05-31 09:47:36,19,20,4671,12644
2023-05-31 09:47:43,18,19,4668,12647
2023-05-31 09:47:44,18,19,4665,12650
2023-05-31 09:47:47,18,20,4665,12650
2023-05-31 09:48:08,19,20,4665,12650
2023-05-31 09:48:09,19,21,4665,12650
2023-05-31 09:48:10,20,21,4665,12650
2023-05-31 09:48:16,19,21,4665,12650
2023-05-31 09:48:27,20,21,4665,12650
2023-05-31 09:48:41,20,22,4665,12650
2023-05-31 09:49:09,21,22,4665,12650
2023-05-31 09:49:12,20,22,4665,12650
2023-05-31 09:49:34,21,22,4665,12650
2023-05-31 09:49:39,21,22,4502,12850
2023-05-31 09:49:53,20,21,4499,12913
2023-05-31 09:49:56,20,22,4499,12913
2023-05-31 09:49:59,19,22,4499,12913
2023-05-31 09:50:01,20,22,4499,12913
2023-05-31 09:50:12,20,21,4499,12913
2023-05-31 09:50:23,19,21,4499,12913
2023-05-31 09:52:14,20,21,4499,12913
2023-05-31 09:52:27,20,22,4499,12913
2023-05-31 09:52:38,19,20,4499,12916
2023-05-31 09:52:38,19,22,4499,12916
2023-05-31 09:52:44,20,22,4499,12916
2023-05-31 09:52:45,21,22,4499,12916
2023-05-31 09:53:19,22,23,4529,12946
2023-05-31 09:53:34,22,24,4559,13446
2023-05-31 09:53:35,23,24,4559,13446
2023-05-31 09:53:51,22,23,4559,13449
2023-05-31 09:53:51,22,24,4559,13449
2023-05-31 09:58:15,23,24,4559,13449
2023-05-31 09:59:59,24,25,4589,13492
2023-05-31 10:00:03,25,26,4529,13582
2023-05-31 10:00:03,24,26,4529,13582
2023-05-31 10:00:04,25,26,4529,13582
2023-05-31 10:00:07,25,27,4529,13582
2023-05-31 10:00:33,24,27,4529,13582
2023-05-31 10:00:50,23,24,5106,14162
2023-05-31 10:01:03,23,24,5106,14362
2023-05-31 10:01:09,23,24,5106,14562
2023-05-31 10:01:11,23,24,5106,14762
2023-05-31 10:02:00,22,23,5366,15025
2023-05-31 10:02:01,22,23,5466,15125
2023-05-31 10:02:17,22,23,5466,15145
2023-05-31 10:02:27,22,23,5516,15195
2023-05-31 10:02:52,22,23,5616,15295
2023-05-31 10:02:54,22,23,5716,15395
2023-05-31 10:02:55,22,23,5816,15495
2023-05-31 10:02:57,22,23,5916,15595
2023-05-31 10:02:58,22,23,6016,15695
2023-05-31 10:03:01,22,24,6046,15725
2023-05-31 10:03:02,23,24,6046,15725
2023-05-31 10:03:14,24,25,6076,15755
2023-05-31 10:03:20,23,24,6146,15828
2023-05-31 10:03:30,23,24,6146,16028
2023-05-31 10:03:56,23,24,6146,16048
2023-05-31 10:04:00,22,23,6143,16051
2023-05-31 10:04:05,23,24,6143,16071
2023-05-31 10:04:06,22,23,6063,16151
2023-05-31 10:04:07,22,24,6063,16151
2023-05-31 10:04:07,22,23,6063,16151
2023-05-31 10:04:14,22,24,6063,16151
2023-05-31 10:04:20,22,23,6063,16151
2023-05-31 10:04:24,22,24,6063,16151
2023-05-31 10:04:25,22,23,6063,16151
2023-05-31 10:04:26,21,23,6125,16301
2023-05-31 10:04:31,22,23,6125,16301
2023-05-31 10:05:16,22,24,6212,16388
2023-05-31 10:05:17,23,24,6212,16388
2023-05-31 10:05:45,23,24,6219,16398
2023-05-31 10:05:48,22,24,6219,16398
2023-05-31 10:06:00,23,24,6219,16398
2023-05-31 10:06:21,24,25,6406,16585
2023-05-31 10:06:22,23,25,6406,16585
2023-05-31 10:06:22,24,25,6406,16585
2023-05-31 10:06:38,24,25,6466,16645
2023-05-31 10:07:05,24,25,6566,16745
2023-05-31 10:07:06,24,25,6666,16845
2023-05-31 10:07:21,24,25,6866,17045
2023-05-31 10:07:29,24,25,6966,17145
2023-05-31 10:07:29,25,26,6966,17230
2023-05-31 10:07:29,24,26,6966,17230
2023-05-31 10:07:30,25,26,6966,17230
2023-05-31 10:07:30,24,26,6966,17230
2023-05-31 10:07:56,24,27,6966,17230
2023-05-31 10:07:57,25,27,6966,17230
2023-05-31 10:08:03,26,27,6966,17230
2023-05-31 10:08:14,26,27,6986,17250
2023-05-31 10:08:25,26,27,7006,17270
2023-05-31 10:08:36,26,27,7026,17290
2023-05-31 10:09:06,25,27,7026,17290
2023-05-31 10:09:08,26,27,7026,17290
2023-05-31 10:10:10,27,28,7056,17320
2023-05-31 10:10:32,27,28,6856,17520
2023-05-31 10:10:36,27,29,6856,17520
2023-05-31 10:11:04,27,30,6886,18210
2023-05-31 10:11:07,28,30,6886,18210
2023-05-31 10:11:19,29,30,6886,18210
2023-05-31 10:11:45,28,30,6886,18210
2023-05-31 10:12:06,29,30,6886,18210
2023-05-31 10:12:22,29,31,6886,18210
2023-05-31 10:12:25,30,31,6886,18210
2023-05-31 10:12:31,29,31,6886,18210
2023-05-31 10:12:31,29,31,6686,18410
2023-05-31 10:12:39,30,31,6686,18410
2023-05-31 10:13:12,31,32,6716,18440
2023-05-31 10:14:10,31,33,6716,18440
2023-05-31 10:14:23,32,33,6716,18440
2023-05-31 10:14:47,32,34,6716,18440
2023-05-31 10:15:01,32,34,6516,18640
2023-05-31 10:16:27,32,33,6516,18640
2023-05-31 10:16:29,32,34,6516,18640
2023-05-31 10:16:31,32,33,6516,18640
2023-05-31 10:16:34,32,34,6516,18640
2023-05-31 10:16:43,32,33,6516,18640
2023-05-31 10:16:47,32,34,6516,18640
2023-05-31 10:17:11,32,33,6516,18640
2023-05-31 10:17:15,32,34,6516,18640
2023-05-31 10:17:20,33,34,6516,18640
2023-05-31 10:17:20,33,34,6522,18646
2023-05-31 10:17:21,32,34,6722,18846
2023-05-31 10:17:24,32,33,6722,18846
2023-05-31 10:17:24,33,34,6732,18856
2023-05-31 10:17:51,33,35,6732,18856
2023-05-31 10:18:00,34,35,6732,18856
2023-05-31 10:18:11,34,36,6732,18856
2023-05-31 10:18:37,35,36,6732,18856
2023-05-31 10:18:37,35,36,6755,18879
2023-05-31 10:18:37,35,36,6778,18902
2023-05-31 10:18:38,35,36,6808,18932
2023-05-31 10:18:42,35,36,6608,19132
2023-05-31 10:18:50,35,36,6601,19332
2023-05-31 10:18:52,36,37,6631,19362
2023-05-31 10:18:52,35,37,6631,19362
2023-05-31 10:18:52,35,36,6631,19362
2023-05-31 10:18:54,36,37,6801,19532
2023-05-31 10:18:54,35,37,6801,19532
2023-05-31 10:19:00,35,37,6801,19732
2023-05-31 10:19:01,36,37,6801,19732
2023-05-31 10:19:11,36,37,6831,19762
2023-05-31 10:19:13,36,38,6831,19762
2023-05-31 10:19:19,36,38,6917,19962
2023-05-31 10:19:20,36,38,7117,20162
2023-05-31 10:20:08,37,38,7117,20162
2023-05-31 10:20:53,36,38,7117,20162
2023-05-31 10:23:52,36,38,7117,20362
2023-05-31 10:24:53,36,38,7031,20562
2023-05-31 10:25:23,37,38,7031,20562
2023-05-31 10:26:01,36,38,7131,20662
2023-05-31 10:26:06,37,38,7131,20662
2023-05-31 10:26:07,37,38,7161,20692
2023-05-31 10:26:07,37,38,7191,20722
2023-05-31 10:26:08,37,38,7201,20732
2023-05-31 10:26:47,37,38,7358,20889
2023-05-31 10:26:50,36,38,7358,20889
2023-05-31 10:26:50,37,38,7358,20889
2023-05-31 10:27:28,36,38,7358,20889
2023-05-31 10:27:39,36,38,7444,21089
2023-05-31 10:27:40,37,38,7444,21089
2023-05-31 10:27:43,37,39,7444,21089
2023-05-31 10:30:30,37,39,7444,21249
2023-05-31 10:31:31,37,38,7444,21249
2023-05-31 10:32:10,37,38,7444,21258
2023-05-31 10:32:21,36,38,7444,21258
2023-05-31 10:33:46,37,38,7444,21258
2023-05-31 10:34:32,37,39,7444,21258
2023-05-31 10:35:33,37,38,7444,21258
2023-05-31 10:36:02,36,37,7250,21452
2023-05-31 10:36:02,36,38,7250,21452
2023-05-31 10:36:38,36,39,7250,21452
2023-05-31 10:36:44,37,39,7250,21452
2023-05-31 10:42:07,36,39,7250,21452
2023-05-31 10:42:43,36,38,7250,21452
2023-05-31 10:43:32,37,38,7250,21452
2023-05-31 10:43:40,37,39,7250,21452
2023-05-31 10:46:42,38,39,7250,21452
2023-05-31 10:49:16,37,39,7250,21452
2023-05-31 10:49:42,38,39,7250,21452
2023-05-31 10:49:52,37,38,7250,21462
2023-05-31 10:49:52,37,39,7250,21462
2023-05-31 10:50:35,37,38,7250,21462
2023-05-31 10:50:36,36,37,7121,21591
2023-05-31 10:50:36,36,38,7121,21591
2023-05-31 10:50:59,36,38,6921,21791
2023-05-31 10:53:58,36,39,6921,21791
2023-05-31 10:54:04,37,39,6921,21791
2023-05-31 10:54:07,36,39,6921,21791
2023-05-31 10:54:08,37,39,6921,21791
2023-05-31 10:54:17,36,39,6921,21791
2023-05-31 10:54:42,37,39,6921,21791
2023-05-31 10:55:35,37,38,6921,21791
2023-05-31 10:55:35,37,38,6921,21991
2023-05-31 10:55:43,36,37,6918,21994
2023-05-31 10:55:43,36,38,6918,21994
2023-05-31 10:55:46,35,38,6918,21994
2023-05-31 10:55:58,36,38,6918,21994
2023-05-31 10:56:44,36,39,6918,21994
2023-05-31 10:57:20,37,39,6918,21994
2023-05-31 10:57:48,38,39,6918,21994
2023-05-31 10:58:02,38,40,6918,21994
2023-05-31 10:58:33,39,40,6918,21994
2023-05-31 11:00:42,39,41,6918,21994
2023-05-31 11:00:47,40,41,6918,21994
2023-05-31 11:00:52,40,41,6933,22009
2023-05-31 11:01:47,40,42,6933,22009
2023-05-31 11:02:48,39,42,6933,22009
2023-05-31 11:02:49,40,42,6933,22009
2023-05-31 11:03:19,41,42,6933,22009
2023-05-31 11:05:50,40,42,6933,22009
2023-05-31 11:07:03,40,41,6933,22009
2023-05-31 11:07:05,40,42,6933,22009
2023-05-31 11:07:05,40,41,6933,22009
2023-05-31 11:10:08,40,42,6933,22009
2023-05-31 11:11:03,40,41,6933,22009
2023-05-31 11:12:05,40,42,6933,22009
2023-05-31 11:17:14,40,42,6933,22010
2023-05-31 11:20:14,41,42,6933,22010
2023-05-31 11:20:15,41,42,6954,22113
2023-05-31 11:20:16,40,42,6954,22113
2023-05-31 11:20:32,41,42,6954,22113
2023-05-31 11:22:59,42,43,6984,22143
2023-05-31 11:22:59,42,43,7014,22173
2023-05-31 11:27:02,42,43,7035,22194
2023-05-31 11:27:15,42,43,7044,22203
2023-05-31 11:30:55,41,42,6959,22288
2023-05-31 11:30:55,41,43,6959,22288
2023-05-31 11:31:13,41,42,6959,22288
2023-05-31 11:32:12,41,42,6959,22292
2023-05-31 11:32:23,40,41,6879,22377
2023-05-31 11:35:00,41,42,6879,22381
2023-05-31 11:35:01,40,42,6879,22381
2023-05-31 11:37:34,40,41,6879,22381
2023-05-31 11:37:50,41,42,6881,22386
2023-05-31 11:37:50,40,42,6881,22386
2023-05-31 11:38:04,41,42,6881,22386
2023-05-31 11:42:45,42,43,6885,22392
2023-05-31 11:49:28,43,44,6915,22425
2023-05-31 11:52:31,42,44,6921,22467
2023-05-31 11:56:08,43,44,6921,22467
2023-05-31 12:05:56,44,45,6921,22472
2023-05-31 12:06:10,44,45,6922,22473
2023-05-31 12:06:11,44,46,6929,22486
2023-05-31 12:09:51,45,46,6929,22486
2023-05-31 12:09:51,45,46,6932,22489
2023-05-31 12:09:51,44,46,7129,22686
2023-05-31 12:11:42,45,46,7129,22686
2023-05-31 12:16:08,46,47,6929,22894
2023-05-31 12:18:15,46,47,6777,23094
2023-05-31 12:18:23,46,47,6777,23294
2023-05-31 12:23:25,46,47,6784,23301
2023-05-31 12:26:05,47,48,6784,23302
2023-05-31 12:28:30,46,48,6784,23316
2023-05-31 12:28:35,46,48,6786,23379
2023-05-31 12:29:31,46,47,6786,23379
2023-05-31 12:33:57,47,48,6787,23384
2023-05-31 12:33:57,46,48,6787,23384
2023-05-31 12:34:06,47,48,6787,23384
2023-05-31 12:36:29,48,49,6784,23393
2023-05-31 12:36:29,48,49,6784,23399
2023-05-31 12:36:29,48,49,6784,23405
2023-05-31 12:39:31,48,49,6782,23407
2023-05-31 12:39:53,47,49,6787,23419
2023-05-31 12:39:58,47,48,6787,23419
2023-05-31 12:43:17,47,49,6787,23422
2023-05-31 12:45:12,48,49,6787,23422
2023-05-31 12:45:17,48,50,7445,24183
2023-05-31 12:45:17,49,50,7445,24183
2023-05-31 12:45:55,49,50,7445,24191
2023-05-31 12:45:55,49,50,7445,24236
2023-05-31 12:47:41,49,50,7445,24343
2023-05-31 12:47:50,49,50,7259,24543
2023-05-31 12:51:28,49,50,7282,24743
2023-05-31 12:51:49,48,50,7282,24800
2023-05-31 12:51:57,47,50,7315,24837
2023-05-31 12:52:09,48,50,7315,24837
2023-05-31 12:52:17,48,49,7315,24837
2023-05-31 12:52:17,47,49,7335,24857
2023-05-31 12:52:18,47,48,7335,24857
2023-05-31 12:52:18,46,48,7372,24894
2023-05-31 12:52:34,46,47,7372,24894
2023-05-31 12:52:46,47,48,7341,24925
2023-05-31 12:52:46,47,48,7341,24928
2023-05-31 12:52:46,47,48,7341,24976
2023-05-31 12:52:47,46,48,7341,24976
2023-05-31 12:53:00,47,48,7341,24976
2023-05-31 12:53:00,47,48,7341,25158
2023-05-31 12:53:01,46,48,7341,25158
2023-05-31 12:53:02,46,47,7341,25158
2023-05-31 12:53:14,47,48,7320,25179
2023-05-31 12:53:15,46,48,7320,25179
2023-05-31 12:53:17,47,48,7320,25179
2023-05-31 12:53:29,48,49,7288,25211
2023-05-31 12:55:45,49,50,7290,25244
2023-05-31 12:55:45,48,50,7290,25244
2023-05-31 12:56:39,49,50,7290,25244
2023-05-31 12:57:35,50,51,7319,25273
2023-05-31 12:57:35,49,51,7319,25273
2023-05-31 13:00:04,50,51,7319,25273
2023-05-31 13:04:05,51,52,7339,25293
2023-05-31 13:05:16,51,52,7539,25493
2023-05-31 13:05:47,51,53,7759,25715
2023-05-31 13:05:52,52,53,7759,25715
2023-05-31 13:08:54,52,54,8179,26135
2023-05-31 13:10:22,52,54,8401,26357
2023-05-31 13:10:32,52,54,8451,26407
2023-05-31 13:12:02,53,54,8451,26407
2023-05-31 13:16:56,54,55,8471,26429
2023-05-31 13:16:56,53,55,8471,26429
2023-05-31 13:16:58,54,55,8471,26429
2023-05-31 13:20:45,54,55,8671,26629
2023-05-31 13:20:46,55,56,8763,26724
2023-05-31 13:20:47,54,56,8763,26724
2023-05-31 13:24:20,55,56,8763,26724
2023-05-31 13:25:52,55,56,8763,26824
2023-05-31 13:26:53,55,56,8863,26924
2023-05-31 13:27:41,54,56,8863,26924
2023-05-31 13:28:16,54,55,8863,26924
2023-05-31 13:28:43,54,55,8763,27024
2023-05-31 13:28:53,54,55,8663,27124
2023-05-31 13:29:51,53,54,8591,27196
2023-05-31 13:30:00,52,54,8591,27268
2023-05-31 13:30:09,53,54,8591,27268
2023-05-31 13:30:09,53,54,8591,27316
2023-05-31 13:30:09,53,54,8591,27351
2023-05-31 13:30:09,52,53,8474,27468
2023-05-31 13:30:09,52,54,8474,27468
2023-05-31 13:30:10,52,53,8474,27468
2023-05-31 13:30:22,51,53,8233,27740
2023-05-31 13:30:31,51,52,8233,27740
2023-05-31 13:30:37,51,52,8049,27940
2023-05-31 13:30:37,50,52,8049,27956
2023-05-31 13:30:38,50,52,8049,27972
2023-05-31 13:30:40,50,52,8049,27983
2023-05-31 13:30:44,50,51,8049,27983
2023-05-31 13:30:48,49,51,8052,27986
2023-05-31 13:30:48,49,50,8052,27986
2023-05-31 13:30:48,49,51,8052,27986
2023-05-31 13:30:48,49,51,8052,27988
2023-05-31 13:30:49,49,51,8052,28041
2023-05-31 13:30:50,49,51,8052,28094
2023-05-31 13:30:51,49,51,8052,28147
2023-05-31 13:30:52,49,51,8052,28183
2023-05-31 13:30:59,49,51,8055,28189
2023-05-31 13:30:59,49,51,8058,28195
2023-05-31 13:31:01,48,51,8058,28195
2023-05-31 13:31:04,48,50,8058,28195
2023-05-31 13:31:19,48,50,8058,28210
2023-05-31 13:31:19,49,50,8058,28210
2023-05-31 13:31:37,46,50,7349,28971
2023-05-31 13:31:37,47,50,7349,28971
2023-05-31 13:31:37,48,50,7349,28971
2023-05-31 13:31:38,48,49,7349,28971
2023-05-31 13:31:38,47,49,7349,28971
2023-05-31 13:31:38,48,49,7349,28971
2023-05-31 13:31:43,48,50,7349,28971
2023-05-31 13:31:43,47,50,7349,28971
2023-05-31 13:31:43,48,50,7349,28971
2023-05-31 13:31:43,48,49,7349,28971
2023-05-31 13:32:13,48,50,7394,29084
2023-05-31 13:32:15,48,49,7394,29084
2023-05-31 13:32:22,49,50,7414,29144
2023-05-31 13:32:22,48,50,7414,29144
2023-05-31 13:32:27,48,49,7414,29144
2023-05-31 13:32:28,48,50,7414,29144
2023-05-31 13:32:29,48,49,7414,29144
2023-05-31 13:32:42,47,49,7414,29144
2023-05-31 13:32:48,48,49,7414,29144
2023-05-31 13:33:19,47,48,7514,29247
2023-05-31 13:34:15,44,48,7254,29937
2023-05-31 13:34:16,44,46,7254,29937
2023-05-31 13:34:23,45,46,7254,29937
2023-05-31 13:34:33,45,46,7254,29987
2023-05-31 13:34:44,46,47,7271,30007
2023-05-31 13:34:44,45,47,7271,30007
2023-05-31 13:34:50,45,46,7271,30007
2023-05-31 13:34:51,46,47,7271,30032
2023-05-31 13:34:51,45,47,7271,30032
2023-05-31 13:35:05,45,46,7271,30032
2023-05-31 13:35:06,45,46,7271,30192
2023-05-31 13:35:22,44,46,7271,30192
2023-05-31 13:35:55,45,46,7271,30192
2023-05-31 13:35:59,44,46,7271,30192
2023-05-31 13:36:25,45,46,7271,30192
2023-05-31 13:36:40,46,47,7291,30212
2023-05-31 13:36:40,45,47,7291,30212
2023-05-31 13:36:58,46,47,7291,30212
2023-05-31 13:36:59,47,48,7311,30232
2023-05-31 13:36:59,46,48,7311,30232
2023-05-31 13:36:59,47,48,7311,30232
2023-05-31 13:36:59,46,48,7311,30232
2023-05-31 13:37:00,46,48,7331,30432
2023-05-31 13:37:00,47,48,7331,30432
2023-05-31 13:37:01,47,48,7331,30632
2023-05-31 13:37:01,47,49,7331,30632
2023-05-31 13:37:01,48,49,7331,30632
2023-05-31 13:37:01,48,49,7388,30689
2023-05-31 13:37:10,48,49,7426,30769
2023-05-31 13:37:35,47,48,7489,30838
2023-05-31 13:37:36,47,49,7489,30838
2023-05-31 13:37:37,47,48,7489,30838
2023-05-31 13:38:01,46,47,7489,30844
2023-05-31 13:38:18,46,47,7614,30974
2023-05-31 13:38:50,45,47,7614,30974
2023-05-31 13:39:01,45,46,7614,30974
2023-05-31 13:39:03,44,45,7614,30982
2023-05-31 13:39:06,43,45,7614,30982
2023-05-31 13:39:10,43,44,7614,30982
2023-05-31 13:39:13,42,43,7614,30995
2023-05-31 13:39:15,42,44,7614,30995
2023-05-31 13:39:15,42,43,7614,30995
2023-05-31 13:39:28,41,42,7614,31031
2023-05-31 13:39:33,40,42,7614,31031
2023-05-31 13:39:45,42,43,7654,31071
2023-05-31 13:39:45,42,43,7677,31094
2023-05-31 13:39:48,42,43,7692,31109
2023-05-31 13:40:03,42,43,7706,31123
2023-05-31 13:40:04,42,43,7956,31373
2023-05-31 13:40:04,39,43,8094,31534
2023-05-31 13:40:04,39,41,8094,31534
2023-05-31 13:40:04,39,40,8094,31534
2023-05-31 13:40:04,39,40,8094,31554
2023-05-31 13:40:04,35,40,8094,31554
2023-05-31 13:40:05,35,39,8094,31554
2023-05-31 13:40:06,35,38,8094,31554
2023-05-31 13:40:06,35,37,8094,31554
2023-05-31 13:40:07,35,36,8094,31554
2023-05-31 13:40:09,36,37,8094,31574
2023-05-31 13:40:10,35,37,8094,31574
2023-05-31 13:40:13,35,36,8094,31574
2023-05-31 13:40:18,35,37,8094,31574
2023-05-31 13:40:20,35,36,8094,31574
2023-05-31 13:40:28,34,35,8094,31588
2023-05-31 13:40:28,34,36,8094,31588
2023-05-31 13:40:28,34,35,8094,31588
2023-05-31 13:40:30,34,36,8094,31588
2023-05-31 13:40:36,35,36,8094,31588
2023-05-31 13:40:40,35,37,8094,31588
2023-05-31 13:40:41,36,37,8094,31588
2023-05-31 13:41:03,36,38,8094,31588
2023-05-31 13:41:04,37,38,8094,31588
2023-05-31 13:41:13,37,39,8094,31588
2023-05-31 13:41:13,38,39,8094,31588
2023-05-31 13:41:21,39,40,8074,31608
2023-05-31 13:41:21,39,40,8074,31655
2023-05-31 13:41:21,39,40,8074,31702
2023-05-31 13:41:23,39,41,8054,31722
2023-05-31 13:41:59,39,43,8495,32597
2023-05-31 13:41:59,39,42,8495,32597
2023-05-31 13:42:01,39,41,8495,32597
2023-05-31 13:42:16,39,40,8495,32597
2023-05-31 13:42:16,38,39,8472,32620
2023-05-31 13:42:16,38,40,8472,32620
2023-05-31 13:42:19,38,39,8472,32620
2023-05-31 13:42:55,38,39,8272,32820
2023-05-31 13:42:57,38,39,8212,32880
2023-05-31 13:43:40,38,40,8212,32880
2023-05-31 13:43:43,39,40,8212,32880
2023-05-31 13:43:55,40,41,8212,32900
2023-05-31 13:43:56,41,42,8232,32920
2023-05-31 13:43:56,41,42,8279,32967
2023-05-31 13:44:00,41,43,8279,32967
2023-05-31 13:44:57,42,43,8279,32967
2023-05-31 13:45:20,43,44,8299,32987
2023-05-31 13:45:20,42,44,8299,32987
2023-05-31 13:45:35,42,43,8299,32987
2023-05-31 13:45:54,42,44,8319,33007
2023-05-31 13:45:55,44,45,8319,33027
2023-05-31 13:45:55,45,46,8339,33097
2023-05-31 13:45:55,44,46,8339,33097
2023-05-31 13:45:56,45,46,8339,33097
2023-05-31 13:45:58,44,46,8339,33097
2023-05-31 13:46:00,43,46,8159,33297
2023-05-31 13:46:04,44,46,8159,33297
2023-05-31 13:46:16,45,46,8159,33297
2023-05-31 13:46:16,45,46,8159,33349
2023-05-31 13:46:17,45,46,8179,33549
2023-05-31 13:46:18,45,47,8179,33549
2023-05-31 13:46:18,46,47,8179,33549
2023-05-31 13:46:18,47,48,8219,33589
2023-05-31 13:46:30,47,48,8419,33789
2023-05-31 13:47:02,47,48,8619,33989
2023-05-31 13:48:06,46,48,8619,33989
2023-05-31 13:48:07,46,47,8619,33989
2023-05-31 13:48:10,46,48,8619,33989
2023-05-31 13:48:17,47,48,8619,33989
2023-05-31 13:48:28,48,49,8619,34029
2023-05-31 13:49:25,49,50,8579,34089
2023-05-31 13:49:26,48,50,8579,34089
2023-05-31 13:49:34,49,50,8579,34089
2023-05-31 13:49:44,48,50,8579,34089
2023-05-31 13:50:00,48,51,8579,34089
2023-05-31 13:50:25,48,50,8579,34089
2023-05-31 13:51:05,48,49,8579,34089
2023-05-31 13:51:15,47,49,8579,34089
2023-05-31 13:51:15,46,49,8579,34089
2023-05-31 13:51:15,46,48,8579,34089
2023-05-31 13:51:15,46,47,8579,34089
2023-05-31 13:52:37,46,48,8582,34092
2023-05-31 13:52:57,47,48,8582,34092
2023-05-31 13:52:57,46,48,8602,34112
2023-05-31 13:53:04,46,47,8602,34112
2023-05-31 13:53:22,47,48,8605,34135
2023-05-31 13:53:22,47,48,8625,34155
2023-05-31 13:53:57,46,47,8682,34215
2023-05-31 13:53:58,46,48,8682,34215
2023-05-31 13:54:00,46,47,8682,34215
2023-05-31 13:54:04,46,48,8682,34215
2023-05-31 13:54:21,47,48,8682,34215
2023-05-31 13:55:19,46,48,8682,34215
2023-05-31 13:55:31,46,48,8682,34337
2023-05-31 13:55:32,46,49,8682,34337
2023-05-31 13:55:33,46,48,8682,34337
2023-05-31 13:55:36,46,47,8682,34337
2023-05-31 13:55:52,45,46,8672,34347
2023-05-31 13:55:52,45,47,8672,34347
2023-05-31 13:55:52,45,46,8672,34347
2023-05-31 13:55:54,45,47,8672,34347
2023-05-31 13:56:04,46,47,8672,34347
2023-05-31 13:56:04,45,47,8672,34367
2023-05-31 13:56:15,46,47,8672,34367
2023-05-31 13:56:22,46,47,8472,34567
2023-05-31 13:56:25,47,48,8512,34607
2023-05-31 13:56:25,47,48,8563,34658
2023-05-31 13:56:49,46,47,8672,34770
2023-05-31 13:56:50,46,48,8672,34770
2023-05-31 13:56:50,46,47,8672,34770
2023-05-31 13:56:56,45,46,8669,34773
2023-05-31 13:56:56,45,47,8669,34773
2023-05-31 13:56:56,45,46,8669,34773
2023-05-31 13:56:58,44,45,8642,34900
2023-05-31 13:56:58,44,46,8642,34900
2023-05-31 13:56:59,44,45,8642,34900
2023-05-31 13:57:43,44,45,8642,34922
2023-05-31 13:58:38,44,45,8642,34942
2023-05-31 13:59:02,43,44,8614,34970
2023-05-31 13:59:28,42,43,8566,35018
2023-05-31 13:59:28,42,44,8566,35018
2023-05-31 13:59:59,42,43,8566,35018
2023-05-31 14:00:03,42,43,8566,35031
2023-05-31 14:00:03,42,43,8566,35050
2023-05-31 14:00:09,41,42,8550,35066
2023-05-31 14:00:09,41,43,8550,35066
2023-05-31 14:00:10,41,42,8550,35066
2023-05-31 14:00:12,41,43,8550,35066
2023-05-31 14:00:15,41,44,8550,35066
2023-05-31 14:00:22,41,43,8550,35066
2023-05-31 14:00:52,42,43,8550,35066
2023-05-31 14:01:00,41,43,8550,35066
2023-05-31 14:01:02,41,44,8550,35066
2023-05-31 14:01:07,42,44,8550,35066
2023-05-31 14:01:09,43,44,8550,35066
2023-05-31 14:01:09,42,44,8570,35086
2023-05-31 14:01:14,42,43,8570,35086
2023-05-31 14:02:08,42,44,8570,35086
2023-05-31 14:02:12,42,44,8390,35286
2023-05-31 14:02:12,43,44,8390,35286
2023-05-31 14:02:15,45,46,8374,35322
2023-05-31 14:02:15,45,46,8374,35425
2023-05-31 14:02:15,43,46,8388,35486
2023-05-31 14:02:15,44,46,8388,35486
2023-05-31 14:02:15,45,46,8388,35486
2023-05-31 14:02:15,44,46,8388,35486
2023-05-31 14:02:16,44,45,8388,35486
2023-05-31 14:02:17,44,46,8400,35498
2023-05-31 14:02:20,44,46,8410,35508
2023-05-31 14:02:36,44,47,8410,35508
2023-05-31 14:02:36,45,47,8410,35508
2023-05-31 14:02:37,44,47,8410,35508
2023-05-31 14:02:38,44,46,8410,35508
2023-05-31 14:02:49,45,46,8410,35508
2023-05-31 14:02:49,45,48,8410,35508
2023-05-31 14:02:49,45,47,8410,35508
2023-05-31 14:02:50,44,47,8410,35508
2023-05-31 14:02:51,44,48,8410,35508
2023-05-31 14:02:51,44,46,8410,35508
2023-05-31 14:02:51,44,47,8410,35508
2023-05-31 14:02:51,44,45,8410,35508
2023-05-31 14:02:51,45,47,8410,35540
2023-05-31 14:02:51,44,47,8410,35540
2023-05-31 14:02:56,44,46,8410,35540
2023-05-31 14:03:00,44,47,8410,35540
2023-05-31 14:03:07,45,47,8410,35540
2023-05-31 14:03:10,46,47,8410,35540
2023-05-31 14:03:16,47,48,8420,35550
2023-05-31 14:03:16,49,50,8626,35771
2023-05-31 14:04:11,47,49,8696,35841
2023-05-31 14:04:13,46,49,8696,35841
2023-05-31 14:04:17,45,49,8696,35841
2023-05-31 14:04:19,48,49,8696,35841
2023-05-31 14:04:25,48,49,8696,35941
2023-05-31 14:04:27,46,49,8696,36033
2023-05-31 14:04:28,46,48,8696,36033
2023-05-31 14:04:31,45,48,8696,36033
2023-05-31 14:04:31,46,48,8696,36033
2023-05-31 14:05:00,46,47,8696,36033
2023-05-31 14:05:23,44,46,8696,36129
2023-05-31 14:05:23,44,47,8696,36129
2023-05-31 14:05:32,44,48,8696,36129
2023-05-31 14:05:33,45,48,8696,36129
2023-05-31 14:05:33,45,47,8696,36129
2023-05-31 14:06:18,45,46,8696,36129
2023-05-31 14:06:19,44,45,8696,36224
2023-05-31 14:06:19,44,46,8696,36224
2023-05-31 14:06:29,44,47,8696,36224
2023-05-31 14:06:38,43,44,8685,36329
2023-05-31 14:06:38,43,47,8685,36329
2023-05-31 14:06:48,44,47,8685,36329
2023-05-31 14:06:54,43,47,8685,36329
2023-05-31 14:06:54,43,46,8685,36329
2023-05-31 14:06:54,44,46,8685,36329
2023-05-31 14:07:07,44,45,8685,36329
2023-05-31 14:07:14,43,45,8674,36340
2023-05-31 14:07:15,42,43,8647,36367
2023-05-31 14:07:15,42,45,8647,36367
2023-05-31 14:07:16,42,44,8647,36367
2023-05-31 14:07:17,42,43,8647,36367
2023-05-31 14:07:21,42,44,8647,36367
2023-05-31 14:07:22,41,44,8647,36367
2023-05-31 14:07:45,41,43,8647,36367
2023-05-31 14:07:50,40,41,8617,36397
2023-05-31 14:07:50,40,43,8617,36397
2023-05-31 14:07:50,40,42,8617,36397
2023-05-31 14:07:51,40,43,8617,36397
2023-05-31 14:08:17,41,43,8617,36397
2023-05-31 14:08:18,40,43,8617,36397
2023-05-31 14:08:20,41,43,8617,36397
2023-05-31 14:08:26,42,43,8617,36397
2023-05-31 14:08:30,41,43,8617,36397
2023-05-31 14:08:32,42,43,8617,36397
2023-05-31 14:08:39,42,44,8617,36397
2023-05-31 14:08:43,43,44,8617,36397
2023-05-31 14:09:16,42,43,8590,36424
2023-05-31 14:09:16,42,44,8590,36424
2023-05-31 14:09:16,42,43,8590,36424
2023-05-31 14:09:16,42,44,8590,36424
2023-05-31 14:09:17,42,44,8590,36624
2023-05-31 14:09:18,42,43,8590,36624
2023-05-31 14:09:20,41,43,8590,36624
2023-05-31 14:09:24,41,44,8590,36624
2023-05-31 14:09:42,41,43,8590,36624
2023-05-31 14:10:04,41,42,8590,36624
2023-05-31 14:10:07,40,41,8560,36654
2023-05-31 14:10:07,40,42,8560,36654
2023-05-31 14:10:17,40,41,8560,36654
2023-05-31 14:10:17,39,40,8536,36684
2023-05-31 14:10:17,39,41,8536,36684
2023-05-31 14:10:23,39,40,8536,36684
2023-05-31 14:10:23,38,39,8536,36714
2023-05-31 14:10:23,38,40,8536,36714
2023-05-31 14:10:26,38,41,8536,36714
2023-05-31 14:10:30,38,40,8536,36714
2023-05-31 14:11:06,38,39,8536,36714
2023-05-31 14:11:07,37,38,8536,36744
2023-05-31 14:11:07,37,39,8536,36744
2023-05-31 14:11:11,37,38,8536,36744
2023-05-31 14:11:12,36,37,8536,36940
2023-05-31 14:11:12,36,38,8536,36940
2023-05-31 14:11:46,37,38,8536,36940
2023-05-31 14:11:47,37,39,8536,36940
2023-05-31 14:11:52,38,39,8536,36940
2023-05-31 14:11:52,37,39,8556,36960
2023-05-31 14:11:58,39,40,8546,36970
2023-05-31 14:11:58,39,40,8546,37000
2023-05-31 14:11:58,39,40,8546,37050
2023-05-31 14:12:20,40,41,8536,37060
2023-05-31 14:13:30,39,40,8536,37065
2023-05-31 14:13:30,39,41,8536,37065
2023-05-31 14:13:30,39,40,8536,37065
2023-05-31 14:13:33,39,40,8556,37085
2023-05-31 14:13:34,39,40,8596,37125
2023-05-31 14:13:35,39,40,8616,37145
2023-05-31 14:13:36,38,39,8625,37337
2023-05-31 14:13:36,38,40,8625,37337
2023-05-31 14:13:36,38,41,8625,37337
2023-05-31 14:13:36,38,39,8625,37337
2023-05-31 14:13:51,36,39,8832,37544
2023-05-31 14:13:54,37,39,8832,37544
2023-05-31 14:14:05,38,39,8832,37544
2023-05-31 14:14:07,38,40,8832,37554
2023-05-31 14:14:12,38,39,8832,37554
2023-05-31 14:14:29,37,39,8832,37554
2023-05-31 14:14:30,37,38,8832,37554
2023-05-31 14:15:08,36,38,8835,37557
2023-05-31 14:15:08,36,38,8962,37684
2023-05-31 14:15:08,36,37,8962,37684
2023-05-31 14:15:08,36,37,8962,37724
2023-05-31 14:15:09,35,36,8973,37735
2023-05-31 14:15:11,34,35,8973,37738
2023-05-31 14:15:46,35,36,8879,37832
2023-05-31 14:15:46,35,36,8879,37852
2023-05-31 14:15:54,35,37,8888,37871
2023-05-31 14:15:58,36,37,8888,37871
2023-05-31 14:15:58,36,37,8907,37890
2023-05-31 14:15:58,35,37,8907,37890
2023-05-31 14:16:03,35,38,8907,37919
2023-05-31 14:16:03,36,38,8907,37919
2023-05-31 14:16:10,37,38,8907,37919
2023-05-31 14:16:10,37,39,8907,37929
2023-05-31 14:16:16,38,39,8907,37929
2023-05-31 14:16:16,38,40,8885,38129
2023-05-31 14:16:16,39,40,8885,38129
2023-05-31 14:16:17,39,40,8865,38205
2023-05-31 14:16:17,39,40,8865,38225
2023-05-31 14:16:18,40,41,8856,38315
2023-05-31 14:16:18,39,41,8856,38315
2023-05-31 14:16:18,40,41,8856,38315
2023-05-31 14:16:19,41,42,8856,38325
2023-05-31 14:16:19,40,42,8856,38325
2023-05-31 14:16:19,41,42,8856,38325
2023-05-31 14:16:19,40,42,8856,38325
2023-05-31 14:16:20,42,43,8857,38335
2023-05-31 14:16:20,40,43,8857,38335
2023-05-31 14:16:20,41,43,8857,38335
2023-05-31 14:16:20,42,43,8857,38335
2023-05-31 14:16:20,41,43,8877,38355
2023-05-31 14:16:20,40,43,8877,38355
2023-05-31 14:16:21,40,44,8877,38355
2023-05-31 14:16:21,40,43,8877,38355
2023-05-31 14:16:21,41,43,8877,38355
2023-05-31 14:16:22,42,43,8877,38355
2023-05-31 14:16:22,42,43,8887,38365
2023-05-31 14:16:25,41,43,8887,38365
2023-05-31 14:16:29,42,43,8887,38365
2023-05-31 14:16:34,42,44,8897,38375
2023-05-31 14:16:55,44,45,8907,38491
2023-05-31 14:16:55,42,45,8907,38491
2023-05-31 14:16:55,43,45,8907,38491
2023-05-31 14:16:59,44,45,8907,38491
2023-05-31 14:16:59,45,46,8917,38501
2023-05-31 14:16:59,44,46,8917,38501
2023-05-31 14:17:01,43,46,8917,38501
2023-05-31 14:17:21,43,45,8917,38501
2023-05-31 14:17:27,43,44,8917,38501
2023-05-31 14:17:33,42,44,8917,38501
2023-05-31 14:17:33,41,44,8917,38501
2023-05-31 14:17:33,40,44,8917,38501
2023-05-31 14:17:33,40,43,8917,38501
2023-05-31 14:17:46,40,42,8917,38501
2023-05-31 14:17:47,39,42,8917,38501
2023-05-31 14:17:48,39,43,8917,38501
2023-05-31 14:17:54,39,44,8917,38501
2023-05-31 14:18:01,39,43,8917,38501
2023-05-31 14:18:03,40,43,8917,38501
2023-05-31 14:18:03,41,43,8917,38501
2023-05-31 14:18:03,41,44,8917,38501
2023-05-31 14:18:03,41,45,8917,38501
2023-05-31 14:18:10,42,45,8917,38501
2023-05-31 14:18:15,41,45,8917,38501
2023-05-31 14:18:18,42,45,8917,38501
2023-05-31 14:18:22,41,45,8917,38501
2023-05-31 14:18:22,42,45,8917,38501
2023-05-31 14:18:35,41,45,8917,38501
2023-05-31 14:18:52,41,44,8917,38501
2023-05-31 14:19:00,41,43,8917,38501
2023-05-31 14:19:01,41,42,8917,38501
2023-05-31 14:19:13,40,41,8914,38504
2023-05-31 14:19:18,39,41,8914,38504
2023-05-31 14:19:18,36,41,8914,38504
2023-05-31 14:19:42,36,40,8914,38504
2023-05-31 14:19:52,36,41,8914,38504
2023-05-31 14:20:02,37,41,8914,38504
2023-05-31 14:20:18,38,41,8914,38504
2023-05-31 14:20:23,38,42,8924,38514
2023-05-31 14:20:25,39,42,8924,38514
2023-05-31 14:20:25,40,42,8924,38514
2023-05-31 14:20:26,40,43,8934,38524
2023-05-31 14:20:26,41,43,8934,38524
2023-05-31 14:20:26,41,44,8934,38524
2023-05-31 14:20:27,42,44,8934,38524
2023-05-31 14:21:22,43,44,8934,38524
2023-05-31 14:21:24,42,44,8934,38524
2023-05-31 14:22:58,43,44,8934,38524
2023-05-31 14:22:58,43,45,8944,38534
2023-05-31 14:23:30,43,46,8944,38534
2023-05-31 14:23:31,44,46,8944,38534
2023-05-31 14:23:54,45,46,8944,38534
2023-05-31 14:23:57,46,47,8954,38544
2023-05-31 14:23:57,45,47,8954,38544
2023-05-31 14:24:05,46,47,8954,38544
2023-05-31 14:24:05,46,48,8954,38544
2023-05-31 14:24:08,45,48,8954,38544
2023-05-31 14:24:34,46,48,8954,38544
2023-05-31 14:24:40,45,48,8954,38544
2023-05-31 14:25:02,44,48,8954,38544
2023-05-31 14:25:03,44,47,8954,38544
2023-05-31 14:25:05,45,47,8954,38544
2023-05-31 14:25:11,45,48,8954,38544
2023-05-31 14:25:11,45,47,8954,38544
2023-05-31 14:25:12,45,48,8954,38544
2023-05-31 14:25:19,46,48,8954,38544
2023-05-31 14:25:19,47,48,8954,38544
2023-05-31 14:25:20,46,48,8954,38544
2023-05-31 14:25:36,48,49,8964,38554
2023-05-31 14:25:36,46,49,8964,38554
2023-05-31 14:25:37,47,49,8964,38554
2023-05-31 14:25:37,46,49,8964,38554
2023-05-31 14:25:38,47,49,8964,38554
2023-05-31 14:26:00,47,48,8964,38554
2023-05-31 14:26:05,44,48,8964,38554
2023-05-31 14:26:06,45,48,8964,38554
2023-05-31 14:26:10,45,47,8964,38554
2023-05-31 14:26:12,45,46,8964,38554
2023-05-31 14:26:21,45,47,8964,38554
2023-05-31 14:26:24,45,48,8964,38554
2023-05-31 14:26:41,45,47,8964,38554
2023-05-31 14:26:42,45,48,8964,38554
2023-05-31 14:26:56,45,47,8964,38554
2023-05-31 14:27:01,44,45,8965,38710
2023-05-31 14:27:13,44,46,8965,38710
2023-05-31 14:27:16,43,46,8965,38710
2023-05-31 14:27:23,43,45,8965,38710
2023-05-31 14:27:27,43,44,8965,38710
2023-05-31 14:27:39,41,44,8965,38710
2023-05-31 14:27:39,41,43,8965,38710
2023-05-31 14:27:51,41,44,8965,38710
2023-05-31 14:27:56,41,43,8965,38710
2023-05-31 14:28:05,41,42,8965,38710
2023-05-31 14:28:20,41,43,8965,38710
2023-05-31 14:28:42,40,43,8965,38710
2023-05-31 14:28:49,40,42,8965,38710
2023-05-31 14:28:54,40,43,8965,38710
2023-05-31 14:29:03,40,42,8965,38710
2023-05-31 14:29:06,40,43,8965,38710
2023-05-31 14:29:28,40,42,8965,38710
2023-05-31 14:29:33,39,42,8965,38710
2023-05-31 14:29:38,39,41,8965,38710
2023-05-31 14:30:35,39,42,8965,38710
2023-05-31 14:30:35,39,43,8965,38710
2023-05-31 14:30:36,40,43,8965,38710
2023-05-31 14:31:01,41,43,8965,38710
2023-05-31 14:31:04,42,43,8965,38710
2023-05-31 14:31:05,42,44,8975,38720
2023-05-31 14:31:08,43,44,8975,38720
2023-05-31 14:31:11,43,45,8975,38720
2023-05-31 14:31:11,44,45,8975,38720
2023-05-31 14:31:14,43,45,8975,38720
2023-05-31 14:31:21,43,44,8975,38720
2023-05-31 14:31:22,43,45,8975,38720
2023-05-31 14:32:11,44,45,8975,38720
2023-05-31 14:32:33,43,45,8975,38720
2023-05-31 14:32:43,44,45,8975,38720
2023-05-31 14:32:48,43,45,8975,38720
2023-05-31 14:33:29,44,45,8975,38720
2023-05-31 14:33:47,44,46,8985,38730
2023-05-31 14:33:57,45,46,8985,38730
2023-05-31 14:34:01,44,46,8985,38730
2023-05-31 14:34:10,45,46,8985,38730
2023-05-31 14:34:12,44,46,8985,38730
2023-05-31 14:34:18,45,46,8985,38730
2023-05-31 14:34:19,46,47,8995,38741
2023-05-31 14:34:20,45,47,8995,38741
2023-05-31 14:34:20,46,47,8995,38741
2023-05-31 14:34:23,47,48,9005,38751
2023-05-31 14:34:23,46,48,9005,38751
2023-05-31 14:34:25,47,48,9005,38751
2023-05-31 14:34:30,47,48,9015,38951
2023-05-31 14:34:31,48,50,9015,38976
2023-05-31 14:34:31,47,50,9015,38976
2023-05-31 14:34:31,48,50,9015,38976
2023-05-31 14:34:34,47,50,9015,38976
2023-05-31 14:34:37,46,50,9015,38976
2023-05-31 14:34:48,47,50,9015,38976
2023-05-31 14:34:48,48,50,9015,38976
2023-05-31 14:34:59,49,50,9015,38976
2023-05-31 14:35:01,48,50,9015,38976
2023-05-31 14:35:17,47,50,9015,38976
2023-05-31 14:35:28,46,50,9015,38976
2023-05-31 14:35:33,46,49,9015,38976
2023-05-31 14:35:38,46,48,9015,38976
2023-05-31 14:35:47,46,47,9015,38976
2023-05-31 14:35:47,44,47,9015,38976
2023-05-31 14:35:51,44,46,9015,38976
2023-05-31 14:35:57,44,45,9015,38976
2023-05-31 14:36:03,44,46,9015,38976
2023-05-31 14:36:03,44,45,9015,38976
2023-05-31 14:36:04,43,45,9015,38976
2023-05-31 14:36:06,43,44,9015,38976
2023-05-31 14:36:30,42,43,9012,38979
2023-05-31 14:36:30,42,44,9012,38979
2023-05-31 14:36:30,42,43,9012,38979
2023-05-31 14:36:32,41,42,8999,38992
2023-05-31 14:36:32,41,43,8999,38992
2023-05-31 14:36:32,41,42,8999,38992
2023-05-31 14:36:34,40,42,8999,38992
2023-05-31 14:36:39,39,40,8986,39005
2023-05-31 14:36:39,39,42,8986,39005
2023-05-31 14:36:40,39,40,8986,39005
2023-05-31 14:36:40,39,41,8986,39005
2023-05-31 14:36:40,39,42,8986,39005
2023-05-31 14:36:40,39,41,8986,39005
2023-05-31 14:36:40,39,40,8986,39005
2023-05-31 14:36:43,38,40,8986,39005
2023-05-31 14:36:43,38,39,8986,39005
2023-05-31 14:36:45,38,40,8986,39005
2023-05-31 14:36:51,38,41,8986,39005
2023-05-31 14:36:56,38,39,8986,39005
2023-05-31 14:36:58,37,38,8953,39038
2023-05-31 14:36:58,37,39,8953,39038
2023-05-31 14:37:02,37,40,8953,39038
2023-05-31 14:37:06,37,41,8953,39038
2023-05-31 14:37:24,38,41,8953,39038
2023-05-31 14:37:31,39,41,8953,39038
2023-05-31 14:37:42,40,41,8953,39038
2023-05-31 14:37:44,40,42,8963,39048
2023-05-31 14:38:11,41,42,8963,39048
2023-05-31 14:38:17,41,43,8973,39058
2023-05-31 14:38:41,41,44,8973,39058
2023-05-31 14:38:43,42,44,8973,39058
2023-05-31 14:39:26,42,43,8973,39058
2023-05-31 14:39:41,42,44,8973,39058
2023-05-31 14:39:43,41,42,8960,39071
2023-05-31 14:39:43,41,44,8960,39071
2023-05-31 14:40:03,41,43,8960,39071
2023-05-31 14:40:06,41,42,8960,39071
2023-05-31 14:40:08,40,42,8960,39071
2023-05-31 14:40:09,40,43,8960,39071
2023-05-31 14:40:23,40,42,8960,39071
2023-05-31 14:40:26,40,43,8960,39071
2023-05-31 14:40:32,40,44,8960,39071
2023-05-31 14:40:48,41,44,8960,39071
2023-05-31 14:41:06,42,44,8960,39071
2023-05-31 14:41:15,43,44,8960,39071
2023-05-31 14:41:16,44,45,8970,39081
2023-05-31 14:41:16,43,45,8970,39081
2023-05-31 14:41:16,44,45,8970,39081
2023-05-31 14:41:19,45,46,8979,39091
2023-05-31 14:41:24,45,47,8989,39102
2023-05-31 14:41:24,46,47,8989,39102
2023-05-31 14:41:35,46,48,8989,39102
2023-05-31 14:41:57,45,48,8989,39102
2023-05-31 14:42:04,45,47,8989,39102
2023-05-31 14:42:06,45,46,8989,39102
2023-05-31 14:42:08,44,46,8989,39102
2023-05-31 14:42:08,44,47,8989,39102
2023-05-31 14:42:08,44,46,8989,39102
2023-05-31 14:42:18,43,46,8989,39102
2023-05-31 14:42:32,43,45,8989,39102
2023-05-31 14:43:05,43,46,8989,39102
2023-05-31 14:43:22,43,45,8989,39102
2023-05-31 14:43:34,43,46,8989,39102
2023-05-31 14:43:50,44,46,8989,39102
2023-05-31 14:43:57,45,46,8989,39102
2023-05-31 14:44:00,45,48,8989,39102
2023-05-31 14:44:18,44,48,8989,39102
2023-05-31 14:44:26,45,48,8989,39102
2023-05-31 14:44:31,44,48,8989,39102
2023-05-31 14:44:31,44,47,8989,39102
2023-05-31 14:44:36,44,46,8989,39102
2023-05-31 14:44:41,44,47,8989,39102
2023-05-31 14:44:57,44,46,8989,39102
2023-05-31 14:45:01,44,45,8989,39102
2023-05-31 14:45:02,43,45,8989,39102
2023-05-31 14:45:11,43,44,8989,39102
2023-05-31 14:45:15,42,43,8979,39112
2023-05-31 14:45:15,42,44,8979,39112
2023-05-31 14:45:17,42,43,8979,39112
2023-05-31 14:45:20,41,43,8979,39112
2023-05-31 14:45:35,41,42,8979,39112
2023-05-31 14:45:37,41,43,8979,39112
2023-05-31 14:45:42,41,44,8999,39132
2023-05-31 14:45:48,42,44,8999,39132
2023-05-31 14:45:48,41,42,8979,39152
2023-05-31 14:45:48,41,44,8979,39152
2023-05-31 14:45:52,42,44,8979,39152
2023-05-31 14:46:10,42,45,8979,39152
2023-05-31 14:46:10,42,44,8979,39152
2023-05-31 14:46:13,42,43,8979,39152
2023-05-31 14:46:13,41,42,8966,39165
2023-05-31 14:46:13,41,43,8966,39165
2023-05-31 14:46:14,41,42,8966,39165
2023-05-31 14:46:15,40,41,8943,39188
2023-05-31 14:46:15,40,42,8943,39188
2023-05-31 14:46:24,40,41,8943,39188
2023-05-31 14:46:26,39,40,8910,39221
2023-05-31 14:46:26,39,41,8910,39221
2023-05-31 14:46:26,39,40,8910,39221
2023-05-31 14:46:26,39,41,8910,39221
2023-05-31 14:46:27,38,39,8886,39254
2023-05-31 14:46:27,38,41,8886,39254
2023-05-31 14:46:27,38,40,8886,39254
2023-05-31 14:46:30,38,41,8886,39254
2023-05-31 14:46:34,38,40,8886,39254
2023-05-31 14:46:42,38,41,8886,39254
2023-05-31 14:47:03,38,40,8886,39254
2023-05-31 14:47:11,38,39,8886,39254
2023-05-31 14:47:12,37,38,8886,39287
2023-05-31 14:47:12,37,39,8886,39287
2023-05-31 14:47:55,38,39,8886,39287
2023-05-31 14:47:56,38,40,8886,39297
2023-05-31 14:48:02,39,40,8886,39297
2023-05-31 14:48:03,39,41,8886,39307
2023-05-31 14:48:03,40,41,8886,39307
2023-05-31 14:48:07,40,42,8886,39317
2023-05-31 14:48:07,41,42,8886,39317
2023-05-31 14:48:09,41,43,8886,39327
2023-05-31 14:48:09,42,43,8886,39327
2023-05-31 14:48:09,41,43,8906,39347
2023-05-31 14:48:19,42,43,8906,39347
2023-05-31 14:48:27,42,44,8914,39357
2023-05-31 14:48:27,43,44,8914,39357
2023-05-31 14:48:30,43,45,8924,39367
2023-05-31 14:48:32,42,45,8924,39367
2023-05-31 14:48:32,42,44,8924,39367
2023-05-31 14:48:32,43,44,8924,39367
2023-05-31 14:48:33,43,45,8924,39387
2023-05-31 14:48:40,44,45,8924,39387
2023-05-31 14:48:43,44,46,8934,39397
2023-05-31 14:48:43,45,46,8934,39397
2023-05-31 14:48:56,44,46,8934,39397
2023-05-31 14:48:59,45,46,8934,39397
2023-05-31 14:49:03,44,46,8934,39397
2023-05-31 14:49:06,45,46,8934,39397
2023-05-31 14:49:08,46,47,8944,39408
2023-05-31 14:49:08,45,47,8944,39408
2023-05-31 14:49:08,46,47,8944,39408
2023-05-31 14:49:16,47,48,8964,39429
2023-05-31 14:49:16,46,48,8964,39429
2023-05-31 14:49:16,47,48,8964,39429
2023-05-31 14:49:21,46,48,8964,39429
2023-05-31 14:49:23,45,48,8964,39429
2023-05-31 14:49:44,46,48,8964,39429
2023-05-31 14:50:01,47,48,8964,39429
2023-05-31 14:50:13,47,49,8974,39439
2023-05-31 14:50:15,48,49,8974,39439
2023-05-31 14:50:18,49,50,8974,39459
2023-05-31 14:50:18,48,50,8974,39459
2023-05-31 14:50:18,49,50,8974,39459
2023-05-31 14:50:20,49,50,8974,39659
2023-05-31 14:50:20,49,51,8974,39692
2023-05-31 14:50:21,50,51,8974,39692
2023-05-31 14:50:21,49,51,8994,39712
2023-05-31 14:50:25,50,51,8994,39712
2023-05-31 14:50:30,51,52,8994,39713
2023-05-31 14:50:30,50,52,8994,39713
2023-05-31 14:50:31,51,52,8994,39713
2023-05-31 14:50:31,51,52,9004,39723
2023-05-31 14:50:31,50,52,9004,39723
2023-05-31 14:50:31,50,51,9004,39723
2023-05-31 14:50:32,51,52,9014,39733
2023-05-31 14:50:32,50,52,9014,39733
2023-05-31 14:50:32,51,52,9014,39733
2023-05-31 14:50:34,52,53,9024,39803
2023-05-31 14:50:34,51,53,9024,39803
2023-05-31 14:50:34,52,53,9024,39803
2023-05-31 14:50:34,51,53,9024,39803
2023-05-31 14:50:36,53,54,9034,39815
2023-05-31 14:50:36,51,54,9034,39815
2023-05-31 14:50:36,52,54,9034,39815
2023-05-31 14:50:44,53,54,9034,39815
2023-05-31 14:50:47,55,56,9054,39980
2023-05-31 14:50:47,55,56,9084,40180
2023-05-31 14:50:48,55,57,9084,40180
2023-05-31 14:50:48,56,57,9084,40180
2023-05-31 14:50:48,55,57,9084,40180
2023-05-31 14:50:48,55,57,9064,40330
2023-05-31 14:50:49,55,57,9064,40530
2023-05-31 14:50:49,56,57,9064,40530
2023-05-31 14:50:50,57,60,9074,40540
2023-05-31 14:50:50,56,60,9074,40540
2023-05-31 14:50:51,56,61,9074,40740
2023-05-31 14:50:51,57,61,9074,40740
2023-05-31 14:50:51,58,61,9074,40740
2023-05-31 14:50:51,59,61,9074,40740
2023-05-31 14:50:52,59,61,9074,40760
2023-05-31 14:51:00,58,61,9074,40760
2023-05-31 14:51:01,58,60,9074,40760
2023-05-31 14:51:01,57,60,9074,40760
2023-05-31 14:51:03,58,60,9074,40760
2023-05-31 14:51:06,57,60,9074,40760
2023-05-31 14:51:06,58,60,9074,40760
2023-05-31 14:51:07,59,60,9074,40760
2023-05-31 14:51:07,58,60,9074,40760
2023-05-31 14:51:11,57,60,9074,40760
2023-05-31 14:51:11,58,60,9074,40760
2023-05-31 14:51:13,57,60,9074,40760
2023-05-31 14:51:13,57,59,9074,40760
2023-05-31 14:51:16,58,59,9074,40760
2023-05-31 14:51:26,57,59,9074,40760
2023-05-31 14:51:29,58,59,9074,40760
2023-05-31 14:51:31,59,60,9084,40770
2023-05-31 14:51:31,58,60,9084,40770
2023-05-31 14:51:31,59,60,9084,40770
2023-05-31 14:51:47,60,61,9094,40782
2023-05-31 14:51:49,61,62,9114,40802
2023-05-31 14:51:49,60,62,9114,40802
2023-05-31 14:51:49,61,62,9114,40802
2023-05-31 14:51:54,61,62,9114,40804
2023-05-31 14:51:57,62,63,9134,40824
2023-05-31 14:51:57,61,63,9134,40824
2023-05-31 14:51:57,62,63,9134,40824
2023-05-31 14:52:04,61,63,9134,40824
2023-05-31 14:52:06,61,62,9134,40824
2023-05-31 14:52:06,60,62,9134,40824
2023-05-31 14:52:11,60,61,9134,40824
2023-05-31 14:52:17,60,62,9134,40824
2023-05-31 14:52:23,60,61,9134,40824
2023-05-31 14:52:57,58,59,9034,40944
2023-05-31 14:53:00,57,59,9034,40944
2023-05-31 14:53:00,57,58,9034,40944
2023-05-31 14:53:14,58,59,9044,40954
2023-05-31 14:53:14,57,59,9044,40954
2023-05-31 14:53:14,58,59,9044,40954
2023-05-31 14:53:45,57,59,9044,40954
2023-05-31 14:53:51,58,59,9044,40954
2023-05-31 14:54:01,59,60,9054,40964
2023-05-31 14:54:01,58,60,9054,40964
2023-05-31 14:54:06,57,60,9054,40964
2023-05-31 14:54:09,57,59,9054,40964
2023-05-31 14:54:12,57,60,9054,40964
2023-05-31 14:54:12,57,58,9054,40964
2023-05-31 14:54:13,58,60,9054,41136
2023-05-31 14:54:13,57,60,9054,41136
2023-05-31 14:54:23,57,59,9054,41136
2023-05-31 14:54:29,57,60,9054,41136
2023-05-31 14:54:49,57,59,9054,41136
2023-05-31 14:54:54,56,59,9054,41136
2023-05-31 14:54:59,56,58,9054,41136
2023-05-31 14:55:01,56,57,9054,41136
2023-05-31 14:55:07,56,58,9054,41136
2023-05-31 14:55:07,55,58,9054,41136
2023-05-31 14:55:22,55,57,9054,41136
2023-05-31 14:55:26,55,56,9054,41136
2023-05-31 14:55:32,55,57,9054,41136
2023-05-31 14:55:33,54,57,9054,41136
2023-05-31 14:55:35,54,56,9054,41136
2023-05-31 14:55:38,54,55,9054,41136
2023-05-31 14:55:44,53,55,9054,41136
2023-05-31 14:55:45,53,56,9054,41136
2023-05-31 14:55:47,54,56,9054,41136
2023-05-31 14:55:47,54,57,9054,41136
2023-05-31 14:56:01,54,56,9054,41136
2023-05-31 14:56:05,54,55,9054,41136
2023-05-31 14:56:05,53,55,9054,41136
2023-05-31 14:56:15,53,54,9054,41136
2023-05-31 14:56:15,52,54,9054,41136
2023-05-31 14:56:19,52,55,9054,41136
2023-05-31 14:56:23,52,56,9054,41136
2023-05-31 14:56:29,53,56,9054,41136
2023-05-31 14:56:36,52,56,9054,41136
2023-05-31 14:56:39,52,55,9054,41136
2023-05-31 14:56:54,52,56,9054,41136
2023-05-31 14:56:59,52,55,9054,41136
2023-05-31 14:57:02,52,54,9054,41136
2023-05-31 14:57:06,52,55,9054,41136
2023-05-31 14:57:07,52,54,9054,41136
2023-05-31 14:57:09,51,54,9054,41136
2023-05-31 14:57:24,52,54,9054,41136
2023-05-31 14:57:28,52,55,9054,41136
2023-05-31 14:57:28,52,56,9054,41136
2023-05-31 14:57:34,53,56,9054,41136
2023-05-31 14:57:35,52,56,9054,41136
2023-05-31 14:57:36,55,56,9054,41136
2023-05-31 14:57:36,53,55,9054,41292
2023-05-31 14:57:36,53,56,9054,41292
2023-05-31 14:57:38,53,55,9054,41292
2023-05-31 14:57:50,53,55,9054,41492
2023-05-31 14:57:51,53,55,9054,41692
2023-05-31 14:57:51,53,54,9054,41692
2023-05-31 14:57:52,52,53,9047,41819
2023-05-31 14:57:52,52,54,9047,41819
2023-05-31 14:57:52,52,53,9047,41819
2023-05-31 14:57:53,51,52,9040,41929
2023-05-31 14:57:53,51,53,9040,41929
2023-05-31 14:57:55,51,52,9040,41929
2023-05-31 14:57:56,51,53,9040,41929
2023-05-31 14:58:02,51,54,9040,41929
2023-05-31 14:58:11,51,55,9040,41929
2023-05-31 14:58:12,51,54,9040,41929
2023-05-31 14:58:23,51,55,9040,41929
2023-05-31 14:58:26,52,55,9040,41929
2023-05-31 14:58:36,52,56,9040,41929
2023-05-31 14:58:39,53,56,9040,41929
2023-05-31 14:58:41,54,56,9040,41929
2023-05-31 14:58:47,55,56,9040,41929
2023-05-31 14:58:49,54,56,9040,41929
2023-05-31 14:59:23,55,56,9040,41929
2023-05-31 14:59:38,56,57,9040,41930
2023-05-31 15:00:37,56,58,9040,41931
2023-05-31 15:00:37,57,58,9040,41931
2023-05-31 15:00:38,59,61,9040,41935
2023-05-31 15:00:43,60,61,9040,41935
2023-05-31 15:00:51,61,62,9050,41947
2023-05-31 15:01:34,61,63,9060,41957
2023-05-31 15:01:35,62,63,9060,41957
2023-05-31 15:01:40,63,64,9070,41967
2023-05-31 15:02:01,63,65,9117,42063
2023-05-31 15:02:01,64,65,9117,42063
2023-05-31 15:02:11,64,66,9127,42074
2023-05-31 15:02:16,63,66,9127,42074
2023-05-31 15:02:17,63,65,9127,42074
2023-05-31 15:02:20,63,66,9127,42074
2023-05-31 15:02:25,64,66,9127,42074
2023-05-31 15:02:30,63,66,9127,42074
2023-05-31 15:02:34,63,65,9127,42074
2023-05-31 15:02:39,63,66,9127,42074
2023-05-31 15:02:42,63,65,9127,42074
2023-05-31 15:02:45,63,66,9127,42074
2023-05-31 15:02:46,63,65,9127,42074
2023-05-31 15:02:47,63,66,9127,42074
2023-05-31 15:02:51,64,66,9127,42074
2023-05-31 15:02:55,65,66,9127,42074
2023-05-31 15:02:58,64,66,9127,42074
2023-05-31 15:02:58,65,66,9127,42074
2023-05-31 15:03:59,66,67,9137,42087
2023-05-31 15:04:05,67,68,9147,42097
2023-05-31 15:04:05,66,68,9147,42097
2023-05-31 15:04:05,67,68,9147,42097
2023-05-31 15:04:07,68,69,9157,42107
2023-05-31 15:04:14,69,70,9167,42120
2023-05-31 15:04:14,68,70,9167,42120
2023-05-31 15:04:14,69,70,9167,42120
2023-05-31 15:04:19,69,70,9213,42166
2023-05-31 15:04:21,69,70,9367,42366
2023-05-31 15:04:23,70,71,9387,42390
2023-05-31 15:04:23,69,71,9387,42390
2023-05-31 15:04:23,70,71,9387,42390
2023-05-31 15:04:36,69,71,9387,42390
2023-05-31 15:04:43,68,71,9387,42390
2023-05-31 15:04:56,67,71,9387,42390
2023-05-31 15:04:58,67,70,9387,42390
2023-05-31 15:04:59,66,70,9387,42390
2023-05-31 15:05:01,66,69,9387,42390
2023-05-31 15:05:07,66,70,9387,42390
2023-05-31 15:05:09,67,70,9387,42390
2023-05-31 15:05:15,67,71,9387,42390
2023-05-31 15:05:19,68,71,9387,42390
2023-05-31 15:05:22,67,71,9387,42390
2023-05-31 15:05:23,67,70,9387,42390
2023-05-31 15:05:28,67,71,9387,42390
2023-05-31 15:05:31,68,71,9387,42390
2023-05-31 15:05:34,69,71,9387,42390
2023-05-31 15:05:49,68,71,9387,42390
2023-05-31 15:06:01,67,71,9387,42390
2023-05-31 15:06:06,67,70,9387,42390
2023-05-31 15:06:12,68,70,9387,42390
2023-05-31 15:06:15,68,71,9387,42390
2023-05-31 15:06:18,69,71,9387,42390
2023-05-31 15:06:26,69,72,9607,42610
2023-05-31 15:06:50,70,72,9607,42610
2023-05-31 15:06:53,71,72,9607,42610
2023-05-31 15:06:54,71,72,9807,42810
2023-05-31 15:06:58,71,73,9817,42824
2023-05-31 15:07:07,71,72,9817,42824
2023-05-31 15:07:08,69,72,9817,42824
2023-05-31 15:07:09,70,72,9817,42824
2023-05-31 15:07:09,70,73,9817,42824
2023-05-31 15:07:21,71,73,9817,42824
2023-05-31 15:07:29,72,73,9817,42824
2023-05-31 15:07:32,71,73,9817,42824
2023-05-31 15:08:19,70,73,9817,42824
2023-05-31 15:08:23,70,72,9817,42824
2023-05-31 15:08:24,70,73,9817,42824
2023-05-31 15:08:26,70,72,9817,42824
2023-05-31 15:08:30,70,73,9817,42824
2023-05-31 15:08:32,70,72,9817,42824
2023-05-31 15:09:21,71,72,9817,42824
2023-05-31 15:09:37,71,73,9817,42824
2023-05-31 15:09:40,72,73,9817,42824
2023-05-31 15:09:58,71,73,9817,43033
2023-05-31 15:10:01,70,73,9817,43033
2023-05-31 15:10:08,70,72,9817,43033
2023-05-31 15:10:09,71,72,9817,43033
2023-05-31 15:10:22,72,73,9817,43058
2023-05-31 15:10:22,71,73,9817,43058
2023-05-31 15:10:23,72,73,9817,43058
2023-05-31 15:10:33,73,74,9827,43068
2023-05-31 15:10:33,72,74,9827,43068
2023-05-31 15:10:33,73,74,9827,43068
2023-05-31 15:10:56,72,74,9827,43068
2023-05-31 15:11:06,71,74,9827,43068
2023-05-31 15:11:11,72,74,9827,43068
2023-05-31 15:11:20,73,74,9827,43068
2023-05-31 15:11:30,72,74,9827,43068
2023-05-31 15:11:47,72,75,10037,43278
2023-05-31 15:11:47,73,75,10037,43278
2023-05-31 15:11:56,73,75,10057,43298
2023-05-31 15:12:11,73,76,10267,43508
2023-05-31 15:12:30,72,76,10267,43508
2023-05-31 15:12:31,72,75,10267,43508
2023-05-31 15:12:40,73,75,10267,43508
2023-05-31 15:13:05,72,75,10267,43508
2023-05-31 15:13:15,73,75,10267,43508
2023-05-31 15:13:23,72,75,10267,43508
2023-05-31 15:13:32,71,75,10267,43508
2023-05-31 15:13:32,71,74,10267,43508
2023-05-31 15:13:35,73,74,10267,43508
2023-05-31 15:13:36,73,75,10287,43608
2023-05-31 15:14:00,73,74,10287,43608
2023-05-31 15:14:05,73,74,10287,43625
2023-05-31 15:14:11,72,74,10287,43625
2023-05-31 15:14:31,72,75,10287,43625
2023-05-31 15:14:31,73,75,10287,43625
2023-05-31 15:14:32,74,75,10287,43625
2023-05-31 15:14:32,74,75,10287,43635
2023-05-31 15:14:32,73,74,10277,43645
2023-05-31 15:14:32,73,75,10277,43645
2023-05-31 15:14:47,74,75,10277,43645
2023-05-31 15:14:48,73,75,10277,43645
2023-05-31 15:15:15,74,75,10277,43645
2023-05-31 15:15:22,73,75,10277,43645
2023-05-31 15:15:24,74,75,10277,43645
2023-05-31 15:15:25,73,75,10277,43645
2023-05-31 15:15:31,74,75,10277,43645
2023-05-31 15:15:55,74,76,10277,43645
2023-05-31 15:16:04,73,76,10277,43645
2023-05-31 15:16:05,74,76,10277,43645
2023-05-31 15:16:06,73,76,10277,43645
2023-05-31 15:16:07,73,75,10277,43645
2023-05-31 15:16:09,72,75,10277,43645
2023-05-31 15:16:10,73,75,10277,43645
2023-05-31 15:16:13,74,75,10277,43645
2023-05-31 15:16:13,74,76,10277,43645
2023-05-31 15:16:23,73,76,10277,43645
2023-05-31 15:16:30,74,76,10277,43645
2023-05-31 15:16:59,73,76,10277,43645
2023-05-31 15:17:11,74,76,10277,43645
2023-05-31 15:17:26,75,76,10277,43645
2023-05-31 15:17:26,75,76,10277,43652
2023-05-31 15:17:28,74,76,10277,43652
2023-05-31 15:17:35,75,76,10277,43652
2023-05-31 15:18:14,76,77,10277,43662
2023-05-31 15:18:59,75,77,10277,43662
2023-05-31 15:19:14,76,77,10277,43662
2023-05-31 15:20:12,76,78,10277,43662
2023-05-31 15:20:23,75,78,10277,43662
2023-05-31 15:20:23,75,77,10277,43662
2023-05-31 15:20:25,74,77,10277,43662
2023-05-31 15:20:25,74,76,10277,43662
2023-05-31 15:20:28,74,77,10277,43662
2023-05-31 15:20:28,74,75,10277,43662
2023-05-31 15:20:30,74,75,10077,43862
2023-05-31 15:20:32,73,75,10077,43862
2023-05-31 15:20:38,73,75,10077,43882
2023-05-31 15:20:43,73,74,10077,43882
2023-05-31 15:20:43,73,74,10077,43902
2023-05-31 15:20:47,73,74,10077,43922
2023-05-31 15:20:47,73,74,10077,43942
2023-05-31 15:20:49,73,74,9877,44142
2023-05-31 15:20:49,73,74,9877,44162
2023-05-31 15:20:50,72,74,9877,44162
2023-05-31 15:20:50,72,73,9877,44162
2023-05-31 15:20:54,72,74,9877,44162
2023-05-31 15:20:55,71,74,9877,44162
2023-05-31 15:20:58,72,74,9877,44162
2023-05-31 15:21:00,71,74,9877,44162
2023-05-31 15:21:01,72,74,9877,44162
2023-05-31 15:21:06,73,74,9877,44162
2023-05-31 15:21:08,73,75,9877,44162
2023-05-31 15:21:18,73,74,9877,44162
2023-05-31 15:21:18,73,75,9877,44162
2023-05-31 15:21:21,72,75,9877,44162
2023-05-31 15:21:23,73,75,9877,44162
2023-05-31 15:21:24,72,75,9877,44162
2023-05-31 15:21:27,72,74,9877,44162
2023-05-31 15:21:33,72,74,9877,44330
2023-05-31 15:21:33,72,75,9877,44330
2023-05-31 15:21:33,71,72,9845,44362
2023-05-31 15:21:33,71,75,9845,44362
2023-05-31 15:21:34,71,74,9845,44362
2023-05-31 15:21:34,71,75,9845,44362
2023-05-31 15:21:41,72,75,9845,44362
2023-05-31 15:21:52,71,75,9845,44362
2023-05-31 15:21:56,72,75,9845,44362
2023-05-31 15:22:01,73,75,9845,44362
2023-05-31 15:22:17,72,75,9845,44362
2023-05-31 15:22:23,73,75,9845,44362
2023-05-31 15:22:26,72,75,9845,44362
2023-05-31 15:22:30,72,74,9845,44362
2023-05-31 15:22:32,73,74,9845,44362
2023-05-31 15:22:50,74,75,9843,44374
2023-05-31 15:22:56,73,75,9843,44374
2023-05-31 15:23:03,71,75,9843,44374
2023-05-31 15:23:04,71,74,9843,44374
2023-05-31 15:23:05,71,73,9843,44374
2023-05-31 15:23:05,71,74,9843,44374
2023-05-31 15:23:07,71,73,9843,44374
2023-05-31 15:23:13,71,74,9843,44374
2023-05-31 15:23:21,71,75,9843,44374
2023-05-31 15:23:24,71,74,9843,44374
2023-05-31 15:23:27,71,75,9843,44374
2023-05-31 15:23:32,72,75,9843,44374
2023-05-31 15:23:39,73,75,9843,44374
2023-05-31 15:23:56,74,75,9843,44374
2023-05-31 15:23:59,75,76,9841,44386
2023-05-31 15:24:00,76,77,9841,44396
2023-05-31 15:24:18,75,77,9841,44396
2023-05-31 15:24:21,75,78,9851,44459
2023-05-31 15:24:36,75,77,9851,44459
2023-05-31 15:24:37,74,77,9851,44459
2023-05-31 15:24:39,74,76,9851,44459
2023-05-31 15:24:43,74,75,9851,44459
2023-05-31 15:24:44,72,74,9851,44489
2023-05-31 15:24:44,72,75,9851,44489
2023-05-31 15:24:45,71,75,9851,44489
2023-05-31 15:24:48,71,74,9851,44489
2023-05-31 15:24:50,72,74,9851,44489
2023-05-31 15:24:50,72,75,9851,44489
2023-05-31 15:25:01,74,75,9851,44489
2023-05-31 15:25:04,74,75,9651,44689
2023-05-31 15:25:15,75,78,9562,44778
2023-05-31 15:25:15,75,77,9562,44778
2023-05-31 15:25:15,76,77,9562,44778
2023-05-31 15:25:17,76,78,9562,44778
2023-05-31 15:25:23,75,78,9562,44778
2023-05-31 15:25:26,74,78,9562,44778
2023-05-31 15:25:29,75,78,9562,44778
2023-05-31 15:25:36,74,78,9562,44778
2023-05-31 15:25:39,74,77,9562,44778
2023-05-31 15:25:43,74,78,9562,44778
2023-05-31 15:25:45,75,78,9562,44778
2023-05-31 15:26:03,76,78,9562,44778
2023-05-31 15:26:05,77,78,9562,44778
2023-05-31 15:26:15,78,79,9572,44788
2023-05-31 15:26:15,77,79,9572,44788
2023-05-31 15:26:15,78,79,9572,44788
2023-05-31 15:26:51,76,79,9572,44788
2023-05-31 15:26:51,77,79,9572,44788
2023-05-31 15:26:53,77,78,9572,44788
2023-05-31 15:26:57,74,78,9572,44788
2023-05-31 15:26:57,74,77,9572,44788
2023-05-31 15:27:07,74,78,9572,44788
2023-05-31 15:27:13,74,77,9572,44788
2023-05-31 15:27:14,74,76,9572,44788
2023-05-31 15:27:27,74,77,9572,44788
2023-05-31 15:27:33,74,78,9572,44788
2023-05-31 15:27:40,74,77,9572,44788
2023-05-31 15:27:42,74,78,9572,44788
2023-05-31 15:27:44,74,77,9572,44788
2023-05-31 15:27:46,74,76,9572,44788
2023-05-31 15:27:48,73,76,9572,44788
2023-05-31 15:27:59,73,77,9572,44788
2023-05-31 15:28:06,73,76,9572,44788
2023-05-31 15:28:21,74,76,9572,44788
2023-05-31 15:28:22,75,76,9572,44788
2023-05-31 15:28:51,73,76,9572,44788
2023-05-31 15:28:57,73,75,9572,44788
2023-05-31 15:29:08,72,75,9572,44788
2023-05-31 15:29:19,72,74,9572,44788
2023-05-31 15:29:22,73,74,9572,44788
2023-05-31 15:29:32,72,73,9568,44792
2023-05-31 15:29:32,72,74,9568,44792
2023-05-31 15:29:57,74,75,9568,44793
2023-05-31 15:29:58,72,74,9568,44802
2023-05-31 15:29:58,72,75,9568,44802
2023-05-31 15:30:00,72,74,9568,44802
2023-05-31 15:30:00,72,73,9568,44802
2023-05-31 15:30:01,69,73,9568,44802
2023-05-31 15:30:02,69,72,9568,44802
2023-05-31 15:30:03,69,73,9568,44802
2023-05-31 15:30:05,69,74,9568,44802
2023-05-31 15:30:07,71,74,9568,44802
2023-05-31 15:30:07,71,75,9568,44802
2023-05-31 15:30:08,72,75,9568,44802
2023-05-31 15:30:13,72,73,9568,44802
2023-05-31 15:30:45,73,75,9568,44803
2023-05-31 15:31:00,73,74,9568,44803
2023-05-31 15:31:00,72,73,9564,44826
2023-05-31 15:31:00,72,74,9564,44826
2023-05-31 15:31:01,71,72,9557,44956
2023-05-31 15:31:01,71,74,9557,44956
2023-05-31 15:31:02,71,73,9557,44956
2023-05-31 15:31:02,70,71,9550,44963
2023-05-31 15:31:02,70,73,9550,44963
2023-05-31 15:31:08,70,74,9550,44963
2023-05-31 15:31:09,70,75,9680,45095
2023-05-31 15:31:09,72,75,9680,45095
2023-05-31 15:31:10,72,76,9680,45095
2023-05-31 15:31:10,70,72,9640,45135
2023-05-31 15:31:10,70,76,9640,45135
2023-05-31 15:31:10,70,74,9640,45135
2023-05-31 15:31:11,72,74,9640,45135
2023-05-31 15:31:12,71,72,9633,45142
2023-05-31 15:31:12,71,74,9633,45142
2023-05-31 15:31:17,71,75,9633,45142
2023-05-31 15:31:25,71,73,9633,45142
2023-05-31 15:31:27,72,73,9633,45142
2023-05-31 15:31:31,71,73,9633,45142
2023-05-31 15:31:48,70,71,9626,45149
2023-05-31 15:31:48,70,73,9626,45149
2023-05-31 15:31:58,68,73,9626,45149
2023-05-31 15:32:03,68,72,9626,45149
2023-05-31 15:32:04,68,73,9626,45149
2023-05-31 15:32:05,68,72,9626,45149
2023-05-31 15:32:07,68,69,9626,45149
2023-05-31 15:32:08,67,69,9626,45199
2023-05-31 15:32:08,67,68,9626,45199
2023-05-31 15:32:08,67,69,9626,45199
2023-05-31 15:32:09,66,67,9576,45249
2023-05-31 15:32:09,66,69,9576,45249
2023-05-31 15:32:11,63,69,9576,45249
2023-05-31 15:32:11,63,68,9576,45249
2023-05-31 15:32:11,63,69,9576,45249
2023-05-31 15:32:12,63,70,9576,45249
2023-05-31 15:32:12,63,69,9576,45249
2023-05-31 15:32:13,63,68,9576,45249
2023-05-31 15:32:16,63,67,9576,45249
2023-05-31 15:32:17,63,68,9576,45249
2023-05-31 15:32:17,63,67,9576,45249
2023-05-31 15:32:18,63,68,9576,45249
2023-05-31 15:32:18,62,68,9576,45249
2023-05-31 15:32:21,62,69,9576,45249
2023-05-31 15:32:21,62,68,9576,45249
2023-05-31 15:32:21,62,69,9576,45249
2023-05-31 15:32:22,71,72,9636,45309
2023-05-31 15:32:22,69,72,9647,45320
2023-05-31 15:32:22,69,72,9650,45323
2023-05-31 15:32:22,69,71,9650,45323
2023-05-31 15:32:22,69,71,9659,45332
2023-05-31 15:32:22,69,70,9659,45332
2023-05-31 15:32:22,69,70,9659,45432
2023-05-31 15:32:23,69,70,9659,45433
2023-05-31 15:32:23,69,70,9662,45436
2023-05-31 15:32:23,67,69,9662,45557
2023-05-31 15:32:23,67,70,9662,45557
2023-05-31 15:32:24,67,70,9773,45757
2023-05-31 15:32:25,69,70,9773,45757
2023-05-31 15:32:25,67,70,9843,45827
2023-05-31 15:32:25,67,69,9843,45827
2023-05-31 15:32:25,66,67,9880,45864
2023-05-31 15:32:25,66,69,9880,45864
2023-05-31 15:32:26,66,68,9880,45864
2023-05-31 15:32:26,66,69,9880,45864
2023-05-31 15:32:27,65,66,9880,45924
2023-05-31 15:32:27,65,69,9880,45924
2023-05-31 15:32:29,64,69,9880,45924
2023-05-31 15:32:29,66,69,9880,45924
2023-05-31 15:32:33,66,68,9880,45924
2023-05-31 15:32:39,66,69,9880,45924
2023-05-31 15:32:39,66,68,9880,45924
2023-05-31 15:32:39,65,66,9880,45944
2023-05-31 15:32:40,65,66,9880,45978
2023-05-31 15:32:47,65,67,9880,45978
2023-05-31 15:33:00,65,66,9880,45978
2023-05-31 15:33:02,65,67,9880,45978
2023-05-31 15:33:02,65,66,9880,45978
2023-05-31 15:33:02,65,66,9860,45998
2023-05-31 15:33:02,64,65,9830,46028
2023-05-31 15:33:02,64,65,9826,46032
2023-05-31 15:33:03,63,64,9826,46078
2023-05-31 15:33:03,63,65,9826,46078
2023-05-31 15:33:03,62,65,9826,46078
2023-05-31 15:33:06,62,64,9826,46078
2023-05-31 15:33:16,62,63,9826,46078
2023-05-31 15:33:31,63,65,9826,46079
2023-05-31 15:33:32,62,63,9925,46178
2023-05-31 15:33:32,62,65,9925,46178
2023-05-31 15:33:35,60,65,9877,46298
2023-05-31 15:33:35,60,63,9877,46298
2023-05-31 15:33:39,60,65,9877,46298
2023-05-31 15:33:39,61,64,9877,46298
2023-05-31 15:33:40,61,65,9877,46298
2023-05-31 15:33:40,60,65,9877,46298
2023-05-31 15:33:40,60,63,9877,46298
2023-05-31 15:33:44,60,65,9877,46298
2023-05-31 15:33:44,60,64,9877,46298
2023-05-31 15:33:45,61,64,9877,46298
2023-05-31 15:33:46,62,64,9877,46298
2023-05-31 15:33:46,61,64,9897,46318
2023-05-31 15:33:48,62,64,9897,46318
2023-05-31 15:33:48,63,64,9897,46318
2023-05-31 15:33:48,62,64,9957,46518
2023-05-31 15:33:50,62,65,9957,46529
2023-05-31 15:33:50,64,65,9957,46529
2023-05-31 15:33:53,64,66,9957,46529
2023-05-31 15:33:53,61,66,9957,46589
2023-05-31 15:33:54,65,66,9957,46589
2023-05-31 15:33:54,64,66,9957,46589
2023-05-31 15:33:55,63,66,9957,46589
2023-05-31 15:34:10,61,66,9957,46673
2023-05-31 15:34:22,62,66,9957,46673
2023-05-31 15:34:26,63,66,9957,46673
2023-05-31 15:34:32,62,66,9957,46673
2023-05-31 15:34:37,61,66,9967,46683
2023-05-31 15:34:37,61,65,9967,46683
2023-05-31 15:34:37,61,62,9967,46683
2023-05-31 15:34:37,61,62,9976,46692
2023-05-31 15:34:38,61,66,9977,46693
2023-05-31 15:34:41,62,66,9977,46693
2023-05-31 15:34:52,62,65,9977,46693
2023-05-31 15:34:57,62,64,9977,46693
2023-05-31 15:35:02,62,65,9977,46693
2023-05-31 15:35:02,62,64,9977,46693
2023-05-31 15:35:03,62,63,9977,46693
2023-05-31 15:35:04,61,63,9977,46693
2023-05-31 15:35:04,57,63,9977,46693
2023-05-31 15:35:04,57,64,9977,46693
2023-05-31 15:35:04,57,63,9977,46693
2023-05-31 15:35:04,57,62,9977,46693
2023-05-31 15:35:05,59,62,9977,46693
2023-05-31 15:35:05,59,63,9977,46693
2023-05-31 15:35:09,59,63,9977,46793
2023-05-31 15:35:09,60,63,9977,46793
2023-05-31 15:35:10,60,64,9977,46838
2023-05-31 15:35:12,59,64,9977,46838
2023-05-31 15:35:15,60,64,9977,46838
2023-05-31 15:35:16,61,64,9977,46838
2023-05-31 15:35:18,62,64,9977,46838
2023-05-31 15:35:19,64,65,9969,46846
2023-05-31 15:35:19,62,65,9969,46846
2023-05-31 15:35:19,61,65,9969,46846
2023-05-31 15:35:21,61,66,9969,46846
2023-05-31 15:35:27,61,65,9969,46846
2023-05-31 15:35:28,61,64,9969,46846
2023-05-31 15:35:30,59,64,9969,46846
2023-05-31 15:35:33,59,61,9969,46846
2023-05-31 15:35:35,59,64,9769,47046
2023-05-31 15:35:36,59,65,9769,47046
2023-05-31 15:35:38,59,66,9769,47046
2023-05-31 15:35:39,60,66,9769,47046
2023-05-31 15:35:45,61,66,9769,47046
2023-05-31 15:35:47,62,66,9769,47046
2023-05-31 15:35:47,61,62,9769,47066
2023-05-31 15:35:48,61,62,9769,47097
2023-05-31 15:35:48,62,66,9624,47246
2023-05-31 15:35:48,61,66,9624,47246
2023-05-31 15:35:51,62,66,9624,47246
2023-05-31 15:35:55,63,66,9624,47246
2023-05-31 15:35:55,66,67,9624,47260
2023-05-31 15:35:55,63,67,9624,47260
2023-05-31 15:36:07,63,66,9624,47260
2023-05-31 15:36:15,66,67,9624,47311
2023-05-31 15:36:15,63,67,9624,47311
2023-05-31 15:36:34,62,67,9624,47311
2023-05-31 15:36:35,62,66,9624,47311
2023-05-31 15:36:37,62,67,9624,47311
2023-05-31 15:36:50,62,66,9624,47311
2023-05-31 15:36:53,61,66,9624,47311
2023-05-31 15:37:11,62,66,9624,47311
2023-05-31 15:37:34,61,66,9624,47311
2023-05-31 15:37:34,60,66,9624,47311
2023-05-31 15:37:40,60,64,9624,47311
2023-05-31 15:37:40,60,63,9624,47311
2023-05-31 15:37:44,58,63,9624,47311
2023-05-31 15:38:00,58,62,9624,47311
2023-05-31 15:38:01,58,61,9624,47311
2023-05-31 15:38:01,58,60,9624,47311
2023-05-31 15:38:01,58,59,9624,47311
2023-05-31 15:38:02,57,58,9624,47325
2023-05-31 15:38:02,57,59,9624,47325
2023-05-31 15:38:02,57,60,9624,47325
2023-05-31 15:38:02,57,59,9624,47325
2023-05-31 15:38:03,56,57,9624,47339
2023-05-31 15:38:03,56,59,9624,47339
2023-05-31 15:38:03,56,60,9624,47339
2023-05-31 15:38:03,56,59,9624,47339
2023-05-31 15:38:06,55,56,9624,47353
2023-05-31 15:38:07,55,59,9624,47353
2023-05-31 15:38:07,55,58,9624,47353
2023-05-31 15:38:16,55,57,9624,47353
2023-05-31 15:38:17,54,55,9624,47367
2023-05-31 15:38:17,54,57,9624,47367
2023-05-31 15:38:17,54,56,9624,47367
2023-05-31 15:38:18,52,56,9624,47367
2023-05-31 15:38:20,52,55,9624,47367
2023-05-31 15:38:23,51,52,9624,47377
2023-05-31 15:38:23,51,55,9624,47377
2023-05-31 15:38:24,51,54,9624,47377
2023-05-31 15:38:25,49,54,9624,47377
2023-05-31 15:38:28,49,56,9624,47377
2023-05-31 15:38:34,49,55,9624,47377
2023-05-31 15:38:43,50,55,9624,47377
2023-05-31 15:38:43,51,55,9624,47377
2023-05-31 15:38:46,52,55,9624,47377
2023-05-31 15:38:47,52,56,9624,47377
2023-05-31 15:38:49,53,56,9624,47377
2023-05-31 15:38:56,54,56,9624,47377
2023-05-31 15:38:56,54,57,9624,47377
2023-05-31 15:38:56,54,63,9624,47377
2023-05-31 15:38:56,54,62,9624,47377
2023-05-31 15:38:56,56,62,9624,47377
2023-05-31 15:38:56,54,62,9624,47377
2023-05-31 15:39:02,53,62,9624,47377
2023-05-31 15:39:13,54,62,9624,47377
2023-05-31 15:39:21,55,62,9624,47377
2023-05-31 15:39:23,56,62,9624,47377
2023-05-31 15:39:23,57,62,9624,47377
2023-05-31 15:39:25,56,62,9624,47377
2023-05-31 15:39:26,55,62,9624,47377
2023-05-31 15:39:30,56,62,9624,47377
2023-05-31 15:39:42,57,62,9624,47377
2023-05-31 15:39:42,57,61,9624,47377
2023-05-31 15:39:43,57,62,9624,47377
2023-05-31 15:39:43,57,61,9624,47377
2023-05-31 15:39:45,56,61,9624,47377
2023-05-31 15:39:46,57,61,9624,47377
2023-05-31 15:39:46,58,61,9624,47377
2023-05-31 15:39:47,61,62,9624,47404
2023-05-31 15:39:47,58,62,9624,47404
2023-05-31 15:39:48,59,62,9624,47404
2023-05-31 15:39:51,60,62,9624,47404
2023-05-31 15:39:52,62,63,9624,47431
2023-05-31 15:39:52,60,63,9624,47431
2023-05-31 15:39:53,63,64,9624,47459
2023-05-31 15:39:53,60,64,9624,47459
2023-05-31 15:39:54,59,64,9624,47459
2023-05-31 15:40:01,59,65,9624,47459
2023-05-31 15:40:04,60,65,9624,47459
2023-05-31 15:40:06,61,65,9624,47459
2023-05-31 15:40:08,60,65,9624,47459
2023-05-31 15:40:08,61,65,9624,47459
2023-05-31 15:40:10,62,65,9624,47459
2023-05-31 15:40:12,61,65,9624,47459
2023-05-31 15:40:46,60,65,9624,47459
2023-05-31 15:40:47,60,64,9624,47459
2023-05-31 15:40:47,60,63,9624,47459
2023-05-31 15:40:50,60,65,9624,47459
2023-05-31 15:40:50,60,64,9624,47459
2023-05-31 15:40:55,59,64,9624,47478
2023-05-31 15:40:56,60,64,9624,47478
2023-05-31 15:40:59,60,63,9624,47478
2023-05-31 15:40:59,60,62,9624,47478
2023-05-31 15:41:00,59,60,9624,47497
2023-05-31 15:41:00,59,62,9624,47497
2023-05-31 15:41:00,59,61,9624,47497
2023-05-31 15:41:02,58,59,9624,47516
2023-05-31 15:41:02,58,61,9624,47516
2023-05-31 15:41:02,58,62,9624,47516
2023-05-31 15:41:02,55,62,9624,47516
2023-05-31 15:41:02,55,61,9624,47516
2023-05-31 15:41:02,52,61,9624,47516
2023-05-31 15:41:02,55,61,9624,47516
2023-05-31 15:41:11,55,60,9624,47516
2023-05-31 15:41:11,55,61,9624,47516
2023-05-31 15:41:12,54,61,9624,47516
2023-05-31 15:41:20,54,60,9624,47516
2023-05-31 15:41:20,54,59,9624,47516
2023-05-31 15:41:25,54,58,9624,47516
2023-05-31 15:41:27,54,59,9624,47516
2023-05-31 15:41:27,54,58,9624,47516
2023-05-31 15:41:29,54,59,9624,47516
2023-05-31 15:41:31,53,54,9647,47539
2023-05-31 15:41:36,54,59,9724,47616
2023-05-31 15:41:36,53,59,9724,47616
2023-05-31 15:41:40,53,60,9724,47616
2023-05-31 15:42:05,53,61,9724,47616
2023-05-31 15:42:06,53,55,9724,47616
2023-05-31 15:42:07,55,61,9874,47766
2023-05-31 15:42:07,53,61,9874,47766
2023-05-31 15:42:10,53,59,9874,47766
2023-05-31 15:42:26,52,59,9874,47766
2023-05-31 15:42:29,53,59,9874,47766
2023-05-31 15:42:37,53,58,9874,47766
2023-05-31 15:42:39,53,59,9874,47766
2023-05-31 15:42:42,54,59,9874,47766
2023-05-31 15:42:57,55,59,9874,47766
2023-05-31 15:43:00,56,59,9874,47766
2023-05-31 15:43:02,57,59,9874,47766
2023-05-31 15:43:03,58,59,9874,47766
2023-05-31 15:43:04,59,60,9874,47794
2023-05-31 15:43:04,58,60,9874,47794
2023-05-31 15:43:08,57,60,9874,47794
2023-05-31 15:43:10,57,62,9874,47794
2023-05-31 15:43:10,57,64,9874,47794
2023-05-31 15:43:28,57,63,9874,47794
2023-05-31 15:43:30,57,62,9874,47794
2023-05-31 15:43:32,57,61,9874,47794
2023-05-31 15:43:32,57,59,9874,47794
2023-05-31 15:43:33,57,58,9874,47794
2023-05-31 15:43:34,57,59,9874,47794
2023-05-31 15:43:34,56,59,9874,47804
2023-05-31 15:43:35,55,56,9874,47814
2023-05-31 15:43:35,55,59,9874,47814
2023-05-31 15:43:37,55,60,9874,47814
2023-05-31 15:43:37,55,61,9874,47814
2023-05-31 15:43:37,55,59,9874,47814
2023-05-31 15:43:37,55,61,9874,47814
2023-05-31 15:43:37,55,60,9874,47814
2023-05-31 15:43:37,55,61,9874,47814
2023-05-31 15:43:38,55,59,9874,47814
2023-05-31 15:43:48,55,56,9874,47814
2023-05-31 15:43:49,54,55,9874,47824
2023-05-31 15:43:49,54,56,9874,47824
2023-05-31 15:43:50,54,57,9874,47824
2023-05-31 15:43:50,53,54,9824,47884
2023-05-31 15:43:50,53,57,9824,47884
2023-05-31 15:43:50,53,56,9824,47884
2023-05-31 15:43:50,53,57,9824,47884
2023-05-31 15:43:51,48,57,9824,47884
2023-05-31 15:43:52,50,57,9824,47884
2023-05-31 15:43:58,50,56,9824,47884
2023-05-31 15:43:58,50,55,9824,47884
2023-05-31 15:43:58,50,56,9824,47884
2023-05-31 15:44:00,50,55,9824,47884
2023-05-31 15:44:01,50,56,9824,47884
2023-05-31 15:44:01,50,55,9824,47884
2023-05-31 15:44:02,50,54,9824,47884
2023-05-31 15:44:02,50,55,9824,47884
2023-05-31 15:44:02,50,54,9824,47884
2023-05-31 15:44:07,50,55,9824,47884
2023-05-31 15:44:07,50,56,9824,47884
2023-05-31 15:44:07,50,55,9824,47884
2023-05-31 15:44:07,50,56,9824,47884
2023-05-31 15:44:07,50,55,9824,47884
2023-05-31 15:44:13,50,53,9824,47884
2023-05-31 15:44:13,47,53,9824,47884
2023-05-31 15:44:14,47,54,9824,47884
2023-05-31 15:44:14,47,53,9824,47884
2023-05-31 15:44:15,47,54,9824,47884
2023-05-31 15:44:16,47,53,9824,47884
2023-05-31 15:44:19,47,55,9824,47884
2023-05-31 15:44:19,47,54,9824,47884
2023-05-31 15:44:22,48,54,9824,47884
2023-05-31 15:44:24,49,54,9824,47884
2023-05-31 15:44:25,48,54,9824,47884
2023-05-31 15:44:26,47,54,9824,47884
2023-05-31 15:44:28,49,54,9824,47884
2023-05-31 15:44:29,49,53,9824,47884
2023-05-31 15:44:29,49,52,9824,47884
2023-05-31 15:44:30,49,50,9824,47884
2023-05-31 15:44:30,44,50,9984,48084
2023-05-31 15:44:30,44,49,9984,48084
2023-05-31 15:44:30,44,50,9984,48084
2023-05-31 15:44:31,46,50,9984,48084
2023-05-31 15:44:31,46,53,9984,48084
2023-05-31 15:44:31,46,52,9984,48084
2023-05-31 15:44:31,44,52,10134,48234
2023-05-31 15:44:31,44,46,10134,48234
2023-05-31 15:44:31,44,52,10134,48234
2023-05-31 15:44:31,44,53,10134,48234
2023-05-31 15:44:31,44,52,10134,48234
2023-05-31 15:44:32,44,50,10134,48234
2023-05-31 15:44:32,44,48,10134,48234
2023-05-31 15:44:32,44,47,10134,48234
2023-05-31 15:44:32,44,46,10134,48234
2023-05-31 15:44:32,44,45,10134,48234
2023-05-31 15:44:32,43,44,10134,48261
2023-05-31 15:44:32,43,45,10134,48261
2023-05-31 15:44:33,43,47,10134,48261
2023-05-31 15:44:33,43,46,10134,48261
2023-05-31 15:44:33,43,47,10134,48261
2023-05-31 15:44:33,43,46,10134,48261
2023-05-31 15:44:33,43,47,10134,48261
2023-05-31 15:44:34,42,43,10134,48271
2023-05-31 15:44:34,42,47,10134,48271
2023-05-31 15:44:34,42,45,10134,48271
2023-05-31 15:44:35,40,42,10134,48281
2023-05-31 15:44:35,40,45,10134,48281
2023-05-31 15:44:35,40,46,10134,48281
2023-05-31 15:44:35,40,44,10134,48281
2023-05-31 15:44:36,40,46,10134,48281
2023-05-31 15:44:36,36,46,10134,48281
2023-05-31 15:44:36,42,45,10134,48281
2023-05-31 15:44:36,42,47,10134,48281
2023-05-31 15:44:36,42,46,10134,48281
2023-05-31 15:44:37,42,48,10134,48281
2023-05-31 15:44:37,42,47,10134,48281
2023-05-31 15:44:37,43,47,10134,48281
2023-05-31 15:44:39,42,43,9984,48431
2023-05-31 15:44:39,42,47,9984,48431
2023-05-31 15:44:42,42,46,9984,48431
2023-05-31 15:44:42,42,47,9984,48431
2023-05-31 15:44:43,42,46,9984,48431
2023-05-31 15:44:43,42,47,9984,48431
2023-05-31 15:44:44,38,47,9984,48431
2023-05-31 15:44:44,39,47,9984,48431
2023-05-31 15:44:44,44,47,9984,48431
2023-05-31 15:44:45,44,50,9984,48431
2023-05-31 15:44:46,41,50,9984,48431
2023-05-31 15:44:59,46,53,9984,48431
2023-05-31 15:45:00,46,49,9984,48431
2023-05-31 15:45:01,44,49,9984,48431
2023-05-31 15:45:01,40,49,9999,48631
2023-05-31 15:45:02,39,49,9999,48631
2023-05-31 15:45:02,39,48,9999,48631
2023-05-31 15:45:06,38,48,10219,48851
2023-05-31 15:45:06,38,44,10219,48851
2023-05-31 15:45:12,38,45,10219,48851
2023-05-31 15:45:12,37,45,10219,48851
2023-05-31 15:45:12,37,42,10219,48851
2023-05-31 15:45:12,38,42,10219,48851
2023-05-31 15:45:15,38,43,10219,48851
2023-05-31 15:45:15,38,41,10219,48851
2023-05-31 15:45:16,38,43,10219,48851
2023-05-31 15:45:16,38,39,10219,48851
2023-05-31 15:45:17,38,40,10219,48851
2023-05-31 15:45:17,37,38,10219,48861
2023-05-31 15:45:18,37,40,10219,48861
2023-05-31 15:45:18,36,37,10229,48871
2023-05-31 15:45:18,36,40,10229,48871
2023-05-31 15:45:18,36,37,10229,48871
2023-05-31 15:45:18,36,40,10229,48871
2023-05-31 15:45:19,30,40,10229,48881
2023-05-31 15:45:19,30,38,10229,48881
2023-05-31 15:45:19,29,38,10229,48881
2023-05-31 15:45:19,29,37,10229,48881
2023-05-31 15:45:21,28,37,10229,48881
2023-05-31 15:45:24,28,36,10229,48881
2023-05-31 15:45:27,28,34,10229,48881
2023-05-31 15:45:28,28,35,10229,48881
2023-05-31 15:45:28,28,34,10229,48881
2023-05-31 15:45:28,28,35,10229,48881
2023-05-31 15:45:29,28,34,10229,48881
2023-05-31 15:45:30,28,35,10229,48881
2023-05-31 15:45:30,28,33,10229,48881
2023-05-31 15:45:31,28,32,10229,48881
2023-05-31 15:45:31,28,33,10229,48881
2023-05-31 15:45:32,27,33,10229,48881
2023-05-31 15:45:33,27,32,10229,48881
2023-05-31 15:45:33,27,33,10229,48881
2023-05-31 15:45:34,27,32,10229,48881
2023-05-31 15:45:35,27,33,10229,48881
2023-05-31 15:45:47,27,34,10229,48881
2023-05-31 15:45:50,26,27,10239,48891
2023-05-31 15:45:50,26,27,10254,49091
2023-05-31 15:45:51,26,27,10354,49191
2023-05-31 15:45:52,26,27,10454,49291
2023-05-31 15:45:54,24,27,10454,49291
2023-05-31 15:45:54,24,27,10654,49491
2023-05-31 15:45:54,24,27,10754,49591
2023-05-31 15:45:54,25,27,10754,49591
2023-05-31 15:45:55,23,27,10754,49723
2023-05-31 15:45:55,23,27,10954,49923
2023-05-31 15:45:55,24,27,10954,49923
2023-05-31 15:45:55,24,28,11044,50017
2023-05-31 15:45:57,24,29,11044,50017
2023-05-31 15:46:01,23,29,11044,50017
2023-05-31 15:46:01,23,27,11044,50017
2023-05-31 15:46:03,22,27,11044,50017
2023-05-31 15:46:03,22,29,11044,50077
2023-05-31 15:46:03,22,27,11044,50077
2023-05-31 15:46:16,20,27,11044,50077
2023-05-31 15:46:18,20,26,11044,50077
2023-05-31 15:46:22,20,27,11044,50077
2023-05-31 15:46:28,21,27,11044,50077
2023-05-31 15:46:30,20,27,11044,50077
2023-05-31 15:46:31,20,28,11044,50077
2023-05-31 15:46:32,20,27,11044,50077
2023-05-31 15:46:37,20,28,11044,50077
2023-05-31 15:46:41,21,28,11044,50077
2023-05-31 15:46:43,20,28,11044,50077
2023-05-31 15:46:43,20,27,11044,50077
2023-05-31 15:46:44,21,27,11044,50077
2023-05-31 15:46:45,21,28,11044,50077
2023-05-31 15:46:45,21,27,11044,50077
2023-05-31 15:46:47,21,28,11044,50077
2023-05-31 15:46:51,21,27,11044,50077
2023-05-31 15:46:52,24,27,11044,50077
2023-05-31 15:46:52,25,27,11044,50077
2023-05-31 15:46:52,26,27,11044,50077
2023-05-31 15:46:52,26,28,11044,50077
2023-05-31 15:46:52,26,28,11045,50078
2023-05-31 15:46:53,26,27,11045,50078
2023-05-31 15:46:53,26,30,11046,50228
2023-05-31 15:46:53,26,27,11046,50228
2023-05-31 15:46:53,26,30,11046,50228
2023-05-31 15:46:54,30,31,11046,50229
2023-05-31 15:46:54,26,31,11046,50229
2023-05-31 15:46:54,27,31,11046,50229
2023-05-31 15:46:54,27,35,11046,50229
2023-05-31 15:46:54,27,34,11046,50229
2023-05-31 15:46:55,26,27,11046,50249
2023-05-31 15:46:55,26,27,11046,50269
2023-05-31 15:46:55,28,35,11046,50279
2023-05-31 15:46:55,29,35,11046,50279
2023-05-31 15:46:55,29,34,11046,50279
2023-05-31 15:46:56,30,34,11046,50279
2023-05-31 15:46:56,32,34,11046,50279
2023-05-31 15:46:56,33,34,11046,50279
2023-05-31 15:46:56,32,34,11066,50299
2023-05-31 15:46:56,32,33,11066,50299
2023-05-31 15:46:56,34,37,11068,50301
2023-05-31 15:46:56,32,37,11068,50301
2023-05-31 15:46:56,32,33,11068,50301
2023-05-31 15:46:56,31,33,11088,50321
2023-05-31 15:46:57,31,32,11088,50321
2023-05-31 15:46:57,31,33,11088,50321
2023-05-31 15:46:57,32,33,11088,50321
2023-05-31 15:46:57,33,37,11089,50322
2023-05-31 15:46:57,33,36,11089,50322
2023-05-31 15:46:57,36,37,11090,50323
2023-05-31 15:46:57,36,37,11109,50342
2023-05-31 15:46:57,33,37,11109,50342
2023-05-31 15:46:58,31,37,11109,50342
2023-05-31 15:46:58,32,37,11109,50342
2023-05-31 15:46:58,32,36,11109,50342
2023-05-31 15:46:58,32,37,11289,50542
2023-05-31 15:46:59,32,39,11289,50542
2023-05-31 15:46:59,32,38,11289,50542
2023-05-31 15:47:00,32,38,11289,50742
2023-05-31 15:47:00,32,39,11289,50742
2023-05-31 15:47:00,33,39,11289,50742
2023-05-31 15:47:00,34,39,11289,50742
2023-05-31 15:47:00,35,39,11289,50742
2023-05-31 15:47:00,35,43,11289,50742
2023-05-31 15:47:01,35,38,11289,50742
2023-05-31 15:47:01,36,38,11289,50742
2023-05-31 15:47:01,37,38,11289,50742
2023-05-31 15:47:01,36,38,11289,50742
2023-05-31 15:47:02,35,38,11289,50742
2023-05-31 15:47:02,38,39,11289,50752
2023-05-31 15:47:02,33,39,11289,50752
2023-05-31 15:47:03,33,38,11289,50752
2023-05-31 15:47:03,32,38,11289,50752
2023-05-31 15:47:03,32,39,11289,50752
2023-05-31 15:47:03,38,39,11289,50752
2023-05-31 15:47:03,32,39,11289,50752
2023-05-31 15:47:03,32,37,11289,50752
2023-05-31 15:47:04,32,38,11289,50752
2023-05-31 15:47:04,31,38,11289,50752
2023-05-31 15:47:04,29,38,11289,50752
2023-05-31 15:47:05,29,34,11289,50752
2023-05-31 15:47:05,29,36,11289,50752
2023-05-31 15:47:05,27,36,11289,50752
2023-05-31 15:47:06,27,32,11289,50752
2023-05-31 15:47:07,32,36,11289,50774
2023-05-31 15:47:07,27,36,11289,50774
2023-05-31 15:47:07,26,36,11289,50774
2023-05-31 15:47:07,27,36,11289,50774
2023-05-31 15:47:09,27,34,11289,50774
2023-05-31 15:47:14,27,36,11289,50774
2023-05-31 15:47:15,28,36,11289,50774
2023-05-31 15:47:19,28,35,11289,50774
2023-05-31 15:47:20,28,36,11289,50774
2023-05-31 15:47:21,28,34,11289,50774
2023-05-31 15:47:30,28,35,11289,50774
2023-05-31 15:47:32,28,36,11289,50774
2023-05-31 15:47:37,30,36,11289,50774
2023-05-31 15:47:38,31,36,11289,50774
2023-05-31 15:47:39,31,39,11289,50774
2023-05-31 15:47:40,31,37,11289,50774
2023-05-31 15:47:40,30,37,11289,50774
2023-05-31 15:47:46,30,36,11289,50774
2023-05-31 15:47:47,30,35,11289,50774
2023-05-31 15:47:47,31,35,11289,50774
2023-05-31 15:47:56,31,35,11259,50804
2023-05-31 15:47:58,31,38,11259,50804
2023-05-31 15:48:01,32,38,11259,50804
2023-05-31 15:48:01,33,38,11259,50804
2023-05-31 15:48:01,34,38,11259,50804
2023-05-31 15:48:01,34,40,11259,50804
2023-05-31 15:48:02,35,40,11259,50804
2023-05-31 15:48:05,34,40,11259,50804
2023-05-31 15:48:06,34,38,11259,50804
2023-05-31 15:48:07,34,38,11259,50805
2023-05-31 15:48:11,32,38,11259,50805
2023-05-31 15:48:13,32,36,11259,50805
2023-05-31 15:48:22,32,37,11259,50805
2023-05-31 15:48:23,32,36,11259,50805
2023-05-31 15:48:23,32,36,11259,51005
2023-05-31 15:48:24,32,37,11259,51005
2023-05-31 15:48:27,32,36,11259,51005
2023-05-31 15:48:28,32,37,11259,51005
2023-05-31 15:48:34,32,33,11259,51005
2023-05-31 15:48:34,33,34,11279,51025
2023-05-31 15:48:34,32,34,11279,51025
2023-05-31 15:48:35,32,33,11279,51025
2023-05-31 15:48:36,32,34,11279,51025
2023-05-31 15:48:36,32,35,11279,51025
2023-05-31 15:48:37,32,36,11279,51025
2023-05-31 15:48:40,32,37,11279,51025
2023-05-31 15:48:41,33,37,11279,51025
2023-05-31 15:48:44,32,37,11279,51025
2023-05-31 15:48:44,32,36,11279,51025
2023-05-31 15:48:45,32,33,11279,51025
2023-05-31 15:48:49,32,34,11279,51025
2023-05-31 15:48:49,32,35,11279,51025
2023-05-31 15:48:55,32,36,11279,51025
2023-05-31 15:48:58,32,34,11279,51025
2023-05-31 15:48:59,32,35,11279,51025
2023-05-31 15:49:00,32,36,11279,51025
2023-05-31 15:49:02,32,35,11279,51025
2023-05-31 15:49:05,31,32,11279,51047
2023-05-31 15:49:05,31,35,11279,51047
2023-05-31 15:49:06,31,34,11279,51047
2023-05-31 15:49:08,31,35,11279,51047
2023-05-31 15:49:09,30,31,11189,51159
2023-05-31 15:49:09,30,35,11189,51159
2023-05-31 15:49:16,31,35,11189,51159
2023-05-31 15:49:19,31,36,11189,51159
2023-05-31 15:49:21,32,36,11189,51159
2023-05-31 15:49:24,31,36,11189,51159
2023-05-31 15:49:33,32,36,11189,51159
2023-05-31 15:49:34,33,36,11189,51159
2023-05-31 15:49:39,31,36,11189,51159
2023-05-31 15:49:58,31,35,11189,51159
2023-05-31 15:49:58,31,36,11189,51159
2023-05-31 15:49:59,31,35,11189,51159
2023-05-31 15:49:59,31,34,11189,51159
2023-05-31 15:50:00,31,32,11189,51159
2023-05-31 15:50:00,30,32,11191,51269
2023-05-31 15:50:01,29,30,11099,51404
2023-05-31 15:50:01,29,32,11099,51404
2023-05-31 15:50:01,29,31,11099,51404
2023-05-31 15:50:02,29,32,11099,51404
2023-05-31 15:50:02,29,32,11099,51604
2023-05-31 15:50:02,29,32,11099,51676
2023-05-31 15:50:02,29,53,11099,51676
2023-05-31 15:50:02,29,52,11099,51676
2023-05-31 15:50:02,30,52,11099,51676
2023-05-31 15:50:03,40,52,11099,51676
2023-05-31 15:50:04,29,52,11099,51676
2023-05-31 15:50:04,29,51,11099,51676
2023-05-31 15:50:04,29,50,11099,51676
2023-05-31 15:50:04,31,50,11099,51676
2023-05-31 15:50:05,31,51,11099,51676
2023-05-31 15:50:05,31,49,11099,51676
2023-05-31 15:50:05,31,51,11099,51676
2023-05-31 15:50:05,31,50,11099,51676
2023-05-31 15:50:05,31,48,11099,51676
2023-05-31 15:50:05,29,48,11099,51676
2023-05-31 15:50:05,48,51,11099,51677
2023-05-31 15:50:05,49,51,11099,51677
2023-05-31 15:50:05,50,51,11099,51677
2023-05-31 15:50:05,50,51,11079,51697
2023-05-31 15:50:05,50,51,11059,51717
2023-05-31 15:50:05,49,51,11059,51737
2023-05-31 15:50:05,49,51,11059,51738
2023-05-31 15:50:05,48,51,11059,51757
2023-05-31 15:50:05,48,49,11059,51757
2023-05-31 15:50:06,48,49,11059,51758
2023-05-31 15:50:06,48,49,11059,51759
2023-05-31 15:50:06,48,49,11059,51760
2023-05-31 15:50:06,48,49,11059,51761
2023-05-31 15:50:06,47,49,11059,51761
2023-05-31 15:50:06,47,56,11272,51999
2023-05-31 15:50:06,47,52,11272,51999
2023-05-31 15:50:06,47,48,11272,51999
2023-05-31 15:50:07,44,48,11272,51999
2023-05-31 15:50:07,46,48,11272,51999
2023-05-31 15:50:07,50,54,11291,52018
2023-05-31 15:50:07,50,53,11291,52018
2023-05-31 15:50:08,50,56,11291,52018
2023-05-31 15:50:09,46,56,11291,52018
2023-05-31 15:50:10,45,56,11291,52018
2023-05-31 15:50:10,50,56,11291,52018
2023-05-31 15:50:11,44,56,11291,52018
2023-05-31 15:50:11,41,56,11291,52018
2023-05-31 15:50:11,41,55,11291,52018
2023-05-31 15:50:11,49,55,11291,52018
2023-05-31 15:50:11,50,55,11291,52018
2023-05-31 15:50:11,51,55,11291,52018
2023-05-31 15:50:11,52,55,11291,52018
2023-05-31 15:50:11,52,56,11313,52040
2023-05-31 15:50:11,53,56,11313,52040
2023-05-31 15:50:11,54,56,11313,52040
2023-05-31 15:50:11,54,55,11313,52040
2023-05-31 15:50:12,54,55,11313,52041
2023-05-31 15:50:12,54,55,11313,52042
2023-05-31 15:50:12,54,55,11313,52043
2023-05-31 15:50:12,50,55,11313,52043
2023-05-31 15:50:12,51,55,11313,52043
2023-05-31 15:50:12,52,55,11313,52043
2023-05-31 15:50:12,53,55,11313,52043
2023-05-31 15:50:13,52,55,11313,52043
2023-05-31 15:50:13,52,56,11408,52153
2023-05-31 15:50:13,52,55,11408,52153
2023-05-31 15:50:13,53,55,11408,52153
2023-05-31 15:50:13,54,55,11408,52153
2023-05-31 15:50:13,55,56,11409,52154
2023-05-31 15:50:13,54,56,11428,52173
2023-05-31 15:50:13,54,55,11428,52173
2023-05-31 15:50:13,54,56,11428,52173
2023-05-31 15:50:13,54,55,11428,52173
2023-05-31 15:50:15,53,54,11428,52193
2023-05-31 15:50:15,51,54,11428,52193
2023-05-31 15:50:15,51,54,11428,52213
2023-05-31 15:50:15,51,54,11428,52215
2023-05-31 15:50:15,53,54,11428,52215
2023-05-31 15:50:16,53,55,11428,52215
2023-05-31 15:50:16,55,56,11428,52216
2023-05-31 15:50:16,55,56,11444,52232
2023-05-31 15:50:16,55,56,11445,52233
2023-05-31 15:50:16,55,56,11461,52249
2023-05-31 15:50:17,53,55,11461,52275
2023-05-31 15:50:22,53,54,11461,52275
2023-05-31 15:50:23,52,53,11461,52279
2023-05-31 15:50:23,52,53,11461,52299
2023-05-31 15:50:25,52,55,11461,52299
2023-05-31 15:50:25,42,51,11461,52305
2023-05-31 15:50:25,43,51,11461,52305
2023-05-31 15:50:26,43,55,11461,52305
2023-05-31 15:50:26,43,54,11461,52305
2023-05-31 15:50:26,43,48,11461,52305
2023-05-31 15:50:26,42,48,11461,52305
2023-05-31 15:50:26,42,48,11461,52307
2023-05-31 15:50:26,42,48,11461,52309
2023-05-31 15:50:26,42,48,11461,52311
2023-05-31 15:50:27,42,50,11461,52311
2023-05-31 15:50:28,42,45,11461,52311
2023-05-31 15:50:29,42,47,11461,52311
2023-05-31 15:50:29,42,50,11461,52311
2023-05-31 15:50:29,42,47,11461,52311
2023-05-31 15:50:30,42,48,11461,52311
2023-05-31 15:50:30,42,53,11461,52311
2023-05-31 15:50:30,42,52,11461,52311
2023-05-31 15:50:31,42,53,11461,52311
2023-05-31 15:50:31,43,53,11461,52311
2023-05-31 15:50:31,44,53,11461,52311
2023-05-31 15:50:31,45,53,11461,52311
2023-05-31 15:50:31,46,53,11461,52311
2023-05-31 15:50:32,47,53,11461,52311
2023-05-31 15:50:32,46,53,11461,52311
2023-05-31 15:50:33,46,52,11461,52311
2023-05-31 15:50:33,47,52,11461,52311
2023-05-31 15:50:37,46,52,11461,52311
2023-05-31 15:50:39,47,52,11461,52311
2023-05-31 15:50:41,48,52,11461,52311
2023-05-31 15:50:41,49,52,11461,52311
2023-05-31 15:50:41,50,52,11461,52311
2023-05-31 15:50:42,51,52,11461,52311
2023-05-31 15:50:43,51,54,11461,52311
2023-05-31 15:50:44,52,54,11461,52311
2023-05-31 15:50:44,53,54,11461,52311
2023-05-31 15:50:51,52,54,11461,52311
2023-05-31 15:50:53,53,54,11461,52311
2023-05-31 15:50:54,51,54,11461,52311
2023-05-31 15:50:59,52,54,11461,52311
2023-05-31 15:50:59,53,54,11461,52311
2023-05-31 15:51:09,53,55,11461,52315
2023-05-31 15:51:09,54,55,11461,52315
2023-05-31 15:51:17,54,55,11459,52319
2023-05-31 15:51:19,55,56,11459,52322
2023-05-31 15:51:22,55,57,11459,52327
2023-05-31 15:51:22,56,57,11459,52327
2023-05-31 15:51:23,56,59,11459,52327
2023-05-31 15:51:23,57,59,11459,52327
2023-05-31 15:51:30,57,60,11459,52334
2023-05-31 15:51:34,57,62,11459,52334
2023-05-31 15:51:34,57,61,11459,52334
2023-05-31 15:51:37,57,62,11459,52334
2023-05-31 15:51:37,57,63,11459,52334
2023-05-31 15:51:41,58,63,11459,52334
2023-05-31 15:51:45,59,63,11459,52334
2023-05-31 15:51:48,58,63,11459,52334
2023-05-31 15:51:49,59,63,11459,52334
2023-05-31 15:51:50,60,63,11459,52334
2023-05-31 15:51:50,61,63,11459,52334
2023-05-31 15:51:50,62,63,11459,52334
2023-05-31 15:51:53,62,65,11459,52341
2023-05-31 15:51:54,63,65,11459,52341
2023-05-31 15:51:58,64,65,11459,52341
2023-05-31 15:52:00,64,66,11459,52342
2023-05-31 15:52:01,65,66,11459,52342
2023-05-31 15:52:01,63,66,11459,52342
2023-05-31 15:52:01,63,72,11471,52410
2023-05-31 15:52:01,63,71,11471,52410
2023-05-31 15:52:02,64,71,11471,52410
2023-05-31 15:52:02,64,73,11471,52410
2023-05-31 15:52:04,65,73,11471,52410
2023-05-31 15:52:04,65,71,11471,52410
2023-05-31 15:52:10,65,72,11471,52410
2023-05-31 15:52:10,67,72,11471,52410
2023-05-31 15:52:21,67,69,11471,52410
2023-05-31 15:52:22,67,68,11471,52410
2023-05-31 15:52:23,67,69,11471,52410
2023-05-31 15:52:24,67,70,11471,52410
2023-05-31 15:52:24,67,71,11471,52410
2023-05-31 15:52:25,67,72,11471,52410
2023-05-31 15:52:40,67,71,11471,52410
2023-05-31 15:52:43,66,71,11471,52410
2023-05-31 15:52:43,66,72,11471,52410
2023-05-31 15:52:43,66,71,11471,52410
2023-05-31 15:52:47,67,71,11471,52410
2023-05-31 15:52:52,67,72,11471,52412
2023-05-31 15:52:53,68,72,11471,52412
2023-05-31 15:52:54,69,72,11471,52412
2023-05-31 15:52:55,70,72,11471,52412
2023-05-31 15:52:56,71,72,11471,52412
2023-05-31 15:52:57,69,72,11471,52412
2023-05-31 15:52:57,70,72,11471,52412
2023-05-31 15:53:00,73,74,11471,52420
2023-05-31 15:53:02,72,74,11471,52420
2023-05-31 15:53:02,72,89,11488,52640
2023-05-31 15:53:02,72,88,11488,52640
2023-05-31 15:53:02,72,84,11488,52640
2023-05-31 15:53:03,74,84,11488,52640
2023-05-31 15:53:03,74,89,11488,52640
2023-05-31 15:53:03,74,88,11488,52640
2023-05-31 15:53:03,74,83,11488,52640
2023-05-31 15:53:03,74,75,11488,52640
2023-05-31 15:53:14,75,76,11484,52644
2023-05-31 15:53:14,75,76,11482,52646
2023-05-31 15:53:27,75,78,11482,52646
2023-05-31 15:53:27,75,80,11482,52646
2023-05-31 15:53:28,75,79,11482,52646
2023-05-31 15:53:28,75,80,11482,52646
2023-05-31 15:53:32,77,80,11482,52646
2023-05-31 15:53:35,77,79,11482,52646
2023-05-31 15:53:38,77,80,11482,52649
2023-05-31 15:53:39,80,81,11480,52651
2023-05-31 15:53:45,82,83,11473,52658
2023-05-31 15:53:50,82,85,11473,52658
2023-05-31 15:53:51,82,83,11473,52658
2023-05-31 15:54:00,82,83,11473,52668
2023-05-31 15:54:00,82,83,11463,52868
2023-05-31 15:54:00,82,84,11463,52869
2023-05-31 15:54:00,83,84,11463,52869
2023-05-31 15:54:02,83,85,11463,52869
2023-05-31 15:54:02,83,86,11463,52869
2023-05-31 15:54:04,83,86,11463,52899
2023-05-31 15:54:07,83,87,11463,52899
2023-05-31 15:54:07,83,85,11463,52899
2023-05-31 15:54:09,83,85,11463,52942
2023-05-31 15:54:09,83,87,11463,52942
2023-05-31 15:54:09,83,86,11463,52942
2023-05-31 15:54:10,83,84,11463,52942
2023-05-31 15:54:11,83,86,11251,53164
2023-05-31 15:54:11,85,86,11231,53184
2023-05-31 15:54:11,83,86,11213,53409
2023-05-31 15:54:11,83,85,11213,53409
2023-05-31 15:54:11,83,86,11213,53409
2023-05-31 15:54:19,84,86,11213,53409
2023-05-31 15:54:20,83,86,11213,53409
2023-05-31 15:54:20,85,86,11213,53409
2023-05-31 15:54:22,85,87,11213,53409
2023-05-31 15:54:22,85,88,11213,53409
2023-05-31 15:54:25,86,88,11213,53409
2023-05-31 15:54:25,85,88,11213,53409
2023-05-31 15:54:26,87,88,11213,53409
2023-05-31 15:54:28,85,88,11213,53409
2023-05-31 15:54:30,87,88,11213,53409
2023-05-31 15:54:36,87,91,11213,53409
2023-05-31 15:54:36,87,90,11213,53409
2023-05-31 15:54:40,88,90,11213,53409
2023-05-31 15:54:40,89,90,11213,53409
2023-05-31 15:54:41,90,91,11213,53411
2023-05-31 15:54:41,88,91,11213,53411
2023-05-31 15:54:41,91,92,11211,53413
2023-05-31 15:54:47,87,92,11211,53413
2023-05-31 15:54:47,90,92,11211,53413
2023-05-31 15:54:47,91,92,11211,53413
2023-05-31 15:54:59,91,92,11211,53416
2023-05-31 15:54:59,91,97,11211,53444
2023-05-31 15:54:59,91,92,11211,53444
2023-05-31 15:54:59,92,97,11211,53446
2023-05-31 15:54:59,92,97,11211,53473
2023-05-31 15:54:59,92,96,11211,53473
2023-05-31 15:55:00,91,96,11211,53473
2023-05-31 15:55:00,94,96,11211,53473
2023-05-31 15:55:01,93,96,11211,53473
2023-05-31 15:55:01,95,96,11211,53473
2023-05-31 15:55:03,95,100,11211,53473
2023-05-31 15:55:03,95,99,11211,53473
2023-05-31 15:55:03,94,99,11196,53488
2023-05-31 15:55:04,93,99,11196,53488
2023-05-31 15:55:04,93,97,11196,53488
2023-05-31 15:55:05,94,97,11196,53488
2023-05-31 15:55:08,95,97,11196,53488
2023-05-31 15:55:09,94,97,11196,53488
2023-05-31 15:55:10,95,97,11196,53488
2023-05-31 15:55:11,94,97,11196,53488
2023-05-31 15:55:11,97,98,11195,53490
2023-05-31 15:55:11,97,98,11195,53491
2023-05-31 15:55:11,97,98,11195,53493
2023-05-31 15:55:12,94,98,11195,53558
2023-05-31 15:55:12,94,97,11195,53558
2023-05-31 15:55:20,94,98,11186,53569
2023-05-31 15:55:20,94,97,11186,53569
2023-05-31 15:55:26,93,97,11480,53865
2023-05-31 15:55:37,93,95,11480,53865
2023-05-31 15:55:42,93,97,11277,54286
2023-05-31 15:55:52,94,97,11277,54286
2023-05-31 15:55:55,95,97,11277,54286
2023-05-31 15:55:58,94,97,11277,54286
2023-05-31 15:55:59,94,97,11307,54316
2023-05-31 15:56:00,95,97,11307,54316
2023-05-31 15:56:04,94,97,11307,54316
2023-05-31 15:56:05,95,97,11307,54316
2023-05-31 15:56:07,96,97,11307,54316
2023-05-31 15:56:08,95,97,11307,54316
2023-05-31 15:56:10,96,97,11307,54316
2023-05-31 15:56:11,95,97,11307,54316
2023-05-31 15:56:12,96,97,11307,54316
2023-05-31 15:56:14,95,97,11307,54316
2023-05-31 15:56:22,96,97,11307,54316
2023-05-31 15:56:24,96,97,11507,54516
2023-05-31 15:56:26,95,97,11507,54516
2023-05-31 15:56:27,95,97,11508,54517
2023-05-31 15:56:36,95,97,11518,54527
2023-05-31 15:56:37,96,97,11518,54527
2023-05-31 15:56:38,95,97,11518,54527
2023-05-31 15:56:39,96,97,11518,54527
2023-05-31 15:56:40,95,97,11518,54527
2023-05-31 15:56:42,96,97,11518,54527
2023-05-31 15:56:43,95,97,11518,54527
2023-05-31 15:56:48,96,97,11518,54527
2023-05-31 15:56:55,96,98,11559,54570
2023-05-31 15:57:01,97,98,11559,54570
2023-05-31 15:57:03,97,98,11542,54587
2023-05-31 15:57:08,97,98,11542,54787
2023-05-31 15:57:08,97,98,11542,54872
2023-05-31 15:57:12,97,98,11542,55072
2023-05-31 15:57:24,97,98,11545,55075
2023-05-31 15:57:33,97,98,11545,55090
2023-05-31 15:57:37,97,98,11545,55290
2023-05-31 15:58:06,97,99,11545,55444
2023-05-31 15:58:12,96,99,11549,55448
2023-05-31 15:58:12,96,97,11549,55448
2023-05-31 15:58:21,94,97,11549,55448
2023-05-31 15:58:25,94,98,11559,55460
2023-05-31 15:58:25,94,97,11559,55460
2023-05-31 15:58:29,94,98,11564,55465
2023-05-31 15:58:29,94,97,11564,55465
2023-05-31 15:58:30,93,97,11564,55465
2023-05-31 15:58:33,93,97,11569,55470
2023-05-31 15:58:34,93,96,11569,55470
2023-05-31 15:58:34,94,96,11569,55470
2023-05-31 15:58:34,95,96,11569,55470
2023-05-31 15:58:36,94,96,11589,55490
2023-05-31 15:58:36,94,95,11589,55490
2023-05-31 15:58:40,93,94,11589,55510
2023-05-31 15:58:40,93,94,11589,55552
2023-05-31 15:58:40,93,94,11589,55556
2023-05-31 15:58:41,92,94,11613,55580
2023-05-31 15:58:41,92,93,11613,55580
2023-05-31 15:58:41,92,94,11618,55585
2023-05-31 15:58:41,93,94,11618,55585
2023-05-31 15:58:51,94,95,11616,55587
2023-05-31 15:58:54,94,96,11631,55639
2023-05-31 15:58:54,94,96,11431,55839
2023-05-31 15:58:54,94,97,11431,55839
2023-05-31 15:58:54,94,96,11431,55839
2023-05-31 15:58:56,94,97,11435,55924
2023-05-31 15:58:56,94,96,11435,55924
2023-05-31 15:58:56,94,97,11435,55924
2023-05-31 15:58:56,94,96,11435,55924
2023-05-31 15:58:57,94,97,11435,55924
2023-05-31 15:59:06,95,96,11435,55924
2023-05-31 15:59:10,96,97,11435,55926
2023-05-31 15:59:11,97,98,11435,55956
2023-05-31 15:59:11,96,98,11437,55958
2023-05-31 15:59:11,96,97,11437,55958
2023-05-31 15:59:11,96,98,11437,55958
2023-05-31 15:59:11,96,97,11437,55958
2023-05-31 15:59:11,96,98,11437,55958
2023-05-31 15:59:12,96,99,11437,55958
2023-05-31 15:59:16,97,99,11437,55958
2023-05-31 15:59:17,96,99,11437,55958
2023-05-31 15:59:18,97,99,11437,55958
2023-05-31 15:59:35,97,100,11437,55960
2023-05-31 15:59:35,99,100,11437,55960
