datetime,bid,ask,open_interest,volume
2023-12-08 09:30:51,15,22,2761,3842
2023-12-08 09:30:55,15,36,2761,3842
2023-12-08 09:30:55,15,35,2761,3842
2023-12-08 09:30:56,15,24,2761,3842
2023-12-08 09:30:56,15,22,2761,3842
2023-12-08 09:30:58,15,36,2761,3842
2023-12-08 09:30:58,15,35,2761,3842
2023-12-08 09:30:59,15,25,2761,3842
2023-12-08 09:30:59,15,23,2761,3842
2023-12-08 09:31:00,16,23,2761,3842
2023-12-08 09:31:00,16,19,2761,3842
2023-12-08 09:31:01,16,20,2761,3842
2023-12-08 09:31:01,16,19,2761,3842
2023-12-08 09:31:02,16,20,2761,3842
2023-12-08 09:31:02,17,19,2761,3842
2023-12-08 09:31:06,16,19,2761,3842
2023-12-08 09:31:06,17,19,2761,3842
2023-12-08 09:31:07,16,19,2761,3842
2023-12-08 09:31:09,16,18,2761,3842
2023-12-08 09:31:18,16,19,2761,3842
2023-12-08 09:31:18,17,19,2761,3842
2023-12-08 09:31:22,17,20,2761,3842
2023-12-08 09:31:28,17,19,2761,3842
2023-12-08 09:31:31,16,19,2761,3842
2023-12-08 09:31:32,16,18,2761,3842
2023-12-08 09:31:41,15,18,2761,3842
2023-12-08 09:31:41,15,17,2761,3842
2023-12-08 09:31:57,15,16,2761,3842
2023-12-08 09:31:59,13,15,2763,3844
2023-12-08 09:32:09,13,16,2763,3844
2023-12-08 09:32:09,14,16,2763,3844
2023-12-08 09:32:13,14,17,2763,3844
2023-12-08 09:32:13,15,17,2763,3844
2023-12-08 09:32:28,15,18,2763,3844
2023-12-08 09:32:29,16,18,2763,3844
2023-12-08 09:32:34,16,17,2763,3844
2023-12-08 09:32:35,15,17,2763,3844
2023-12-08 09:32:38,15,18,2763,3844
2023-12-08 09:32:39,15,17,2763,3844
2023-12-08 09:32:40,15,18,2763,3844
2023-12-08 09:32:42,16,18,2763,3844
2023-12-08 09:32:57,15,18,2763,3844
2023-12-08 09:33:12,16,18,2763,3844
2023-12-08 09:33:55,17,18,2763,3844
2023-12-08 09:34:02,17,19,2763,3844
2023-12-08 09:34:11,16,19,2763,3844
2023-12-08 09:34:12,16,18,2763,3844
2023-12-08 09:34:17,16,19,2763,3844
2023-12-08 09:34:30,16,18,2763,3844
2023-12-08 09:34:42,15,18,2763,3844
2023-12-08 09:34:43,15,17,2763,3844
2023-12-08 09:34:52,16,17,2763,3844
2023-12-08 09:34:55,16,19,2763,3844
2023-12-08 09:34:58,16,18,2763,3844
2023-12-08 09:34:59,16,19,2763,3844
2023-12-08 09:35:05,16,18,2763,3844
2023-12-08 09:35:09,16,19,2763,3844
2023-12-08 09:35:11,17,19,2763,3844
2023-12-08 09:35:37,16,19,2763,3844
2023-12-08 09:35:40,17,19,2763,3844
2023-12-08 09:35:54,16,19,2763,3844
2023-12-08 09:35:56,17,19,2763,3844
2023-12-08 09:36:13,16,19,2763,3844
2023-12-08 09:36:14,16,18,2763,3844
2023-12-08 09:36:20,17,18,2763,3844
2023-12-08 09:37:13,17,18,2763,3844
2023-12-08 09:37:18,16,18,2763,3844
2023-12-08 09:37:21,15,18,2763,3844
2023-12-08 09:37:25,16,18,2763,3844
2023-12-08 09:37:30,15,18,2763,3844
2023-12-08 09:37:52,16,18,2763,3844
2023-12-08 09:37:55,15,18,2763,3844
2023-12-08 09:37:55,16,18,2763,3844
2023-12-08 09:37:56,15,18,2763,3844
2023-12-08 09:37:58,16,18,2763,3844
2023-12-08 09:37:59,15,18,2763,3844
2023-12-08 09:38:00,16,18,2763,3844
2023-12-08 09:38:04,15,18,2763,3844
2023-12-08 09:38:12,16,18,2763,3844
2023-12-08 09:38:14,15,18,2763,3844
2023-12-08 09:38:15,15,18,2763,3846
2023-12-08 09:38:23,16,18,2763,3846
2023-12-08 09:38:24,16,19,2763,3846
2023-12-08 09:38:37,17,19,2763,3846
2023-12-08 09:39:05,16,19,2763,3846
2023-12-08 09:39:06,17,19,2763,3846
2023-12-08 09:39:14,16,19,2763,3846
2023-12-08 09:39:16,16,18,2763,3846
2023-12-08 09:39:19,16,19,2763,3846
2023-12-08 09:39:36,16,18,2763,3846
2023-12-08 09:39:38,15,18,2763,3846
2023-12-08 09:39:58,16,18,2763,3846
2023-12-08 09:39:59,15,18,2763,3846
2023-12-08 09:40:10,16,18,2763,3846
2023-12-08 09:40:15,16,19,2763,3846
2023-12-08 09:40:29,16,18,2763,3846
2023-12-08 09:40:33,16,19,2763,3846
2023-12-08 09:40:42,17,19,2763,3846
2023-12-08 09:41:05,17,20,3163,4246
2023-12-08 09:41:06,18,20,3163,4246
2023-12-08 09:41:11,19,20,3163,4246
2023-12-08 09:41:12,19,21,3163,4246
2023-12-08 09:41:15,20,21,3163,4246
2023-12-08 09:41:16,19,21,3163,4246
2023-12-08 09:41:18,20,21,3163,4246
2023-12-08 09:41:21,19,21,3163,4246
2023-12-08 09:41:28,18,21,3163,4246
2023-12-08 09:41:29,18,20,3163,4246
2023-12-08 09:41:31,18,21,3163,4246
2023-12-08 09:41:31,18,21,3263,4346
2023-12-08 09:41:32,19,21,3263,4346
2023-12-08 09:41:34,18,21,3263,4346
2023-12-08 09:41:34,19,21,3263,4346
2023-12-08 09:41:43,20,21,3263,4346
2023-12-08 09:41:44,20,22,3263,4346
2023-12-08 09:42:10,19,22,3263,4346
2023-12-08 09:42:15,19,21,3263,4346
2023-12-08 09:42:17,19,22,3263,4346
2023-12-08 09:42:18,19,21,3263,4346
2023-12-08 09:42:21,18,21,3263,4346
2023-12-08 09:42:29,18,20,3263,4346
2023-12-08 09:42:32,18,21,3263,4346
2023-12-08 09:42:33,19,21,3263,4346
2023-12-08 09:42:40,19,22,3263,4346
2023-12-08 09:42:41,20,22,3263,4346
2023-12-08 09:42:49,21,22,3263,4346
2023-12-08 09:43:02,21,23,3263,4346
2023-12-08 09:43:47,22,23,3263,4346
2023-12-08 09:43:55,22,24,3263,4346
2023-12-08 09:43:55,22,24,3263,4526
2023-12-08 09:43:55,22,24,3263,4526
2023-12-08 09:43:59,23,24,3263,4526
2023-12-08 09:44:01,23,25,3263,4526
2023-12-08 09:44:02,23,24,3263,4526
2023-12-08 09:44:02,23,24,3263,4726
2023-12-08 09:44:02,23,25,3263,4726
2023-12-08 09:44:11,23,26,3263,4726
2023-12-08 09:44:11,24,26,3263,4726
2023-12-08 09:44:17,23,26,3263,4726
2023-12-08 09:44:21,24,26,3263,4726
2023-12-08 09:44:22,24,26,3818,5281
2023-12-08 09:44:52,25,26,3818,5281
2023-12-08 09:44:59,25,27,4163,5626
2023-12-08 09:45:18,24,27,4163,5626
2023-12-08 09:45:18,24,26,4163,5626
2023-12-08 09:45:24,25,26,4163,5626
2023-12-08 09:45:31,24,25,4165,5628
2023-12-08 09:45:34,24,26,4165,5628
2023-12-08 09:45:39,24,25,4165,5628
2023-12-08 09:45:47,23,24,4167,5630
2023-12-08 09:46:04,23,25,4167,5630
2023-12-08 09:46:31,24,25,4167,5630
2023-12-08 09:46:32,23,25,4167,5630
2023-12-08 09:46:44,24,25,4167,5630
2023-12-08 09:46:45,24,26,4167,5630
2023-12-08 09:46:52,24,25,4167,5630
2023-12-08 09:46:53,23,25,4167,5630
2023-12-08 09:47:03,24,25,4167,5630
2023-12-08 09:47:05,24,26,4167,5630
2023-12-08 09:47:08,25,26,4167,5630
2023-12-08 09:47:23,24,26,4167,5630
2023-12-08 09:47:29,24,25,4167,5630
2023-12-08 09:47:30,23,25,4167,5630
2023-12-08 09:47:38,23,24,4167,5630
2023-12-08 09:47:46,23,25,4167,5630
2023-12-08 09:47:52,24,25,4167,5630
2023-12-08 09:47:54,23,25,4167,5630
2023-12-08 09:48:09,24,25,4167,5630
2023-12-08 09:48:10,23,25,4167,5630
2023-12-08 09:48:11,24,25,4167,5630
2023-12-08 09:48:14,24,26,4167,5630
2023-12-08 09:48:16,24,25,4167,5630
2023-12-08 09:48:21,24,26,4167,5630
2023-12-08 09:48:27,23,26,4167,5630
2023-12-08 09:48:32,24,25,4167,5630
2023-12-08 09:48:33,23,25,4167,5630
2023-12-08 09:48:35,24,25,4167,5630
2023-12-08 09:48:37,23,25,4167,5630
2023-12-08 09:48:40,24,25,4167,5630
2023-12-08 09:48:43,24,26,4167,5630
2023-12-08 09:48:50,24,25,4167,5630
2023-12-08 09:48:52,24,26,4167,5630
2023-12-08 09:49:06,24,25,4167,5630
2023-12-08 09:49:07,24,26,4167,5630
2023-12-08 09:49:13,23,26,4167,5630
2023-12-08 09:49:13,25,26,4167,5630
2023-12-08 09:49:17,25,27,4167,5630
2023-12-08 09:49:37,24,27,4167,5630
2023-12-08 09:49:37,26,27,4167,5630
2023-12-08 09:49:37,26,27,4167,5690
2023-12-08 09:49:38,26,27,4167,5870
2023-12-08 09:49:50,24,27,4167,5870
2023-12-08 09:49:50,25,27,4167,5870
2023-12-08 09:50:01,24,27,4167,5870
2023-12-08 09:50:01,25,27,4167,5870
2023-12-08 09:50:01,26,27,4167,5870
2023-12-08 09:50:26,26,27,4167,5930
2023-12-08 09:50:59,26,27,4117,5980
2023-12-08 09:51:20,25,27,4117,5980
2023-12-08 09:51:27,26,27,4117,5980
2023-12-08 09:51:29,24,27,4117,5980
2023-12-08 09:51:29,25,27,4117,5980
2023-12-08 09:51:31,25,26,4117,5980
2023-12-08 09:51:31,24,26,4117,5980
2023-12-08 09:51:45,24,25,4117,5980
2023-12-08 09:51:47,23,25,4117,5980
2023-12-08 09:51:51,24,25,4117,5980
2023-12-08 09:51:53,23,25,4117,5980
2023-12-08 09:51:54,24,25,4117,5980
2023-12-08 09:52:00,24,26,4117,5980
2023-12-08 09:52:10,23,26,4117,5980
2023-12-08 09:52:10,25,26,4117,5980
2023-12-08 09:52:13,23,26,4117,5980
2023-12-08 09:52:13,24,26,4117,5980
2023-12-08 09:52:16,23,26,4117,5980
2023-12-08 09:52:16,25,26,4117,5980
2023-12-08 09:52:21,23,26,4117,5980
2023-12-08 09:52:21,24,26,4117,5980
2023-12-08 09:52:24,25,26,4117,5980
2023-12-08 09:52:29,23,26,4117,5980
2023-12-08 09:52:29,24,26,4117,5980
2023-12-08 09:52:50,24,25,4117,5980
2023-12-08 09:52:59,23,25,4117,5980
2023-12-08 09:53:15,23,24,4117,5980
2023-12-08 09:53:18,23,25,4117,5980
2023-12-08 09:53:20,23,24,4117,5980
2023-12-08 09:53:32,22,23,4119,5982
2023-12-08 09:53:36,21,23,4119,5982
2023-12-08 09:53:38,22,23,4119,5982
2023-12-08 09:53:39,21,23,4119,5982
2023-12-08 09:53:41,22,23,4119,5982
2023-12-08 09:53:45,21,23,4119,5982
2023-12-08 09:53:46,22,23,4119,5982
2023-12-08 09:53:52,21,23,4119,5982
2023-12-08 09:53:56,21,22,4119,5982
2023-12-08 09:53:57,20,22,4119,5982
2023-12-08 09:54:01,21,22,4119,5982
2023-12-08 09:54:05,20,22,4119,5982
2023-12-08 09:54:06,21,22,4119,5982
2023-12-08 09:54:07,20,22,4119,5982
2023-12-08 09:54:09,21,22,4119,5982
2023-12-08 09:54:11,20,22,4119,5984
2023-12-08 09:54:12,20,21,4119,5984
2023-12-08 09:54:20,20,22,4119,5984
2023-12-08 09:54:20,21,22,4119,5984
2023-12-08 09:54:22,20,22,4119,5984
2023-12-08 09:54:36,21,22,4119,5984
2023-12-08 09:54:45,20,22,4119,5984
2023-12-08 09:54:47,20,21,4119,5984
2023-12-08 09:55:02,20,22,4119,5984
2023-12-08 09:55:03,21,22,4119,5984
2023-12-08 09:55:06,21,23,4119,5984
2023-12-08 09:55:06,20,23,4119,5984
2023-12-08 09:55:06,22,23,4119,5984
2023-12-08 09:55:11,20,23,4119,5984
2023-12-08 09:55:11,21,23,4119,5984
2023-12-08 09:55:12,21,22,4119,5984
2023-12-08 09:55:14,21,23,4119,5984
2023-12-08 09:55:18,20,23,4119,5984
2023-12-08 09:55:18,22,23,4119,5984
2023-12-08 09:55:20,20,23,4119,5984
2023-12-08 09:55:20,21,23,4119,5984
2023-12-08 09:55:21,20,23,4119,5984
2023-12-08 09:55:21,22,23,4119,5984
2023-12-08 09:55:22,20,23,4119,5984
2023-12-08 09:55:22,21,23,4119,5984
2023-12-08 09:55:33,22,23,4119,5984
2023-12-08 09:55:35,21,23,4119,5984
2023-12-08 09:55:38,22,23,4119,5984
2023-12-08 09:55:39,21,23,4119,5984
2023-12-08 09:55:40,21,22,4119,5984
2023-12-08 09:56:12,20,22,4119,5986
2023-12-08 09:56:15,20,21,4119,5986
2023-12-08 09:56:17,19,21,4119,5986
2023-12-08 09:56:28,20,21,4119,5986
2023-12-08 09:56:31,20,22,4119,5986
2023-12-08 09:56:34,20,21,4119,5986
2023-12-08 09:56:54,20,22,4119,5986
2023-12-08 09:56:54,19,22,4119,5986
2023-12-08 09:56:54,21,22,4119,5986
2023-12-08 09:57:01,19,22,4119,5986
2023-12-08 09:57:01,20,22,4119,5986
2023-12-08 09:57:03,20,21,4119,5986
2023-12-08 09:57:19,19,21,4119,5986
2023-12-08 09:57:25,19,20,4119,5986
2023-12-08 09:58:19,18,19,4121,5988
2023-12-08 09:58:24,18,20,4121,5988
2023-12-08 09:58:33,19,20,4121,5988
2023-12-08 09:58:40,18,20,4121,6138
2023-12-08 09:59:01,19,20,4121,6138
2023-12-08 09:59:09,19,22,4121,6138
2023-12-08 09:59:19,20,22,4121,6138
2023-12-08 09:59:52,19,22,4121,6138
2023-12-08 09:59:57,20,22,4121,6138
2023-12-08 10:00:00,20,22,4621,6638
2023-12-08 10:00:01,21,22,4621,6638
2023-12-08 10:00:01,21,23,4621,7238
2023-12-08 10:00:01,23,24,4693,7638
2023-12-08 10:00:01,23,24,4933,7878
2023-12-08 10:00:01,23,25,4933,7878
2023-12-08 10:00:01,23,26,4933,7878
2023-12-08 10:00:02,24,26,4933,7878
2023-12-08 10:00:04,25,26,4933,7878
2023-12-08 10:00:04,26,27,4621,8318
2023-12-08 10:00:04,27,28,4621,8518
2023-12-08 10:00:06,27,29,4621,8518
2023-12-08 10:00:06,28,29,4621,8518
2023-12-08 10:00:07,28,30,4621,8518
2023-12-08 10:00:07,27,30,4621,8518
2023-12-08 10:00:07,28,30,4621,8518
2023-12-08 10:00:07,29,30,4621,8518
2023-12-08 10:00:08,29,31,5021,8918
2023-12-08 10:00:08,28,31,5021,8918
2023-12-08 10:00:08,30,31,5021,8918
2023-12-08 10:00:12,30,32,5021,8918
2023-12-08 10:00:12,31,32,5021,8918
2023-12-08 10:00:13,31,33,5021,8918
2023-12-08 10:00:13,32,33,5021,8918
2023-12-08 10:00:19,31,33,5021,8918
2023-12-08 10:00:19,30,33,5021,8918
2023-12-08 10:00:19,31,33,5021,8918
2023-12-08 10:00:29,31,32,5021,8918
2023-12-08 10:00:30,30,32,5021,8918
2023-12-08 10:00:30,29,32,5021,8918
2023-12-08 10:00:30,30,32,5021,8918
2023-12-08 10:00:35,31,32,5021,8918
2023-12-08 10:00:37,31,33,5021,8918
2023-12-08 10:00:39,32,33,5021,8918
2023-12-08 10:00:44,31,33,5021,8918
2023-12-08 10:00:52,32,33,5021,8918
2023-12-08 10:00:56,31,33,5021,8918
2023-12-08 10:00:56,31,32,5021,8918
2023-12-08 10:00:57,31,33,5021,8918
2023-12-08 10:00:58,32,33,5021,8918
2023-12-08 10:01:04,31,33,5021,8918
2023-12-08 10:01:04,31,32,5021,8918
2023-12-08 10:01:05,31,33,5021,8918
2023-12-08 10:01:06,31,32,5021,8918
2023-12-08 10:01:12,31,33,5021,8918
2023-12-08 10:01:22,31,32,5021,8918
2023-12-08 10:01:23,31,33,5021,8918
2023-12-08 10:01:25,32,33,5021,8918
2023-12-08 10:01:31,31,33,5021,8918
2023-12-08 10:01:33,31,32,5021,8918
2023-12-08 10:01:42,30,32,5021,8920
2023-12-08 10:01:43,31,32,5021,8920
2023-12-08 10:01:44,31,33,5021,8920
2023-12-08 10:01:53,30,33,5021,8920
2023-12-08 10:01:53,32,33,5021,8920
2023-12-08 10:01:56,31,33,5021,8920
2023-12-08 10:01:56,30,33,5021,8920
2023-12-08 10:01:56,31,33,5021,8920
2023-12-08 10:01:58,30,33,5021,8920
2023-12-08 10:01:58,31,33,5021,8920
2023-12-08 10:01:58,32,33,5021,8920
2023-12-08 10:01:58,32,33,5021,9040
2023-12-08 10:02:00,32,33,5021,9050
2023-12-08 10:02:10,32,34,5021,9050
2023-12-08 10:02:10,33,34,5021,9050
2023-12-08 10:02:14,32,34,5021,9050
2023-12-08 10:02:14,31,34,5021,9050
2023-12-08 10:02:14,32,34,5021,9050
2023-12-08 10:02:17,32,33,5021,9050
2023-12-08 10:02:18,31,33,5021,9050
2023-12-08 10:02:18,30,33,5021,9050
2023-12-08 10:02:18,31,33,5021,9050
2023-12-08 10:02:20,31,32,5021,9050
2023-12-08 10:02:21,30,32,5021,9050
2023-12-08 10:02:22,30,31,5021,9050
2023-12-08 10:02:23,29,31,5021,9050
2023-12-08 10:02:24,29,30,5021,9050
2023-12-08 10:02:24,28,30,5021,9050
2023-12-08 10:02:24,27,30,5021,9050
2023-12-08 10:02:24,28,30,5021,9050
2023-12-08 10:02:25,27,30,5021,9050
2023-12-08 10:02:25,27,29,5021,9050
2023-12-08 10:02:28,27,30,5021,9050
2023-12-08 10:02:28,28,30,5021,9050
2023-12-08 10:02:30,28,29,5021,9050
2023-12-08 10:02:30,27,29,5021,9050
2023-12-08 10:02:32,28,29,5021,9050
2023-12-08 10:02:33,27,29,4691,9380
2023-12-08 10:02:35,27,30,4691,9380
2023-12-08 10:02:36,28,30,4691,9380
2023-12-08 10:02:47,28,31,4691,9380
2023-12-08 10:02:49,28,30,4691,9380
2023-12-08 10:02:59,28,31,4691,9380
2023-12-08 10:03:01,29,31,4691,9380
2023-12-08 10:03:02,30,31,4691,9380
2023-12-08 10:03:26,30,33,4691,9380
2023-12-08 10:03:26,31,33,4691,9380
2023-12-08 10:03:31,31,34,4691,9380
2023-12-08 10:03:38,32,34,4691,9380
2023-12-08 10:03:41,31,34,4691,9380
2023-12-08 10:03:43,32,34,4691,9380
2023-12-08 10:04:05,33,34,4691,9380
2023-12-08 10:04:06,32,34,4691,9380
2023-12-08 10:04:07,31,34,4691,9380
2023-12-08 10:04:08,31,33,4691,9380
2023-12-08 10:04:09,30,33,4691,9380
2023-12-08 10:04:11,31,33,4691,9380
2023-12-08 10:04:15,31,34,4691,9380
2023-12-08 10:04:16,31,33,4691,9380
2023-12-08 10:04:19,31,34,4691,9380
2023-12-08 10:04:24,31,34,4691,10080
2023-12-08 10:04:24,32,34,4691,10080
2023-12-08 10:04:34,32,35,4691,10080
2023-12-08 10:04:35,33,35,4691,10080
2023-12-08 10:04:38,32,35,4691,10080
2023-12-08 10:04:39,32,34,4691,10080
2023-12-08 10:04:45,33,34,4691,10080
2023-12-08 10:04:45,33,35,4691,10080
2023-12-08 10:04:55,34,35,4691,10080
2023-12-08 10:05:02,33,35,4691,10080
2023-12-08 10:05:02,32,35,4691,10080
2023-12-08 10:05:03,32,34,4691,10080
2023-12-08 10:05:05,32,35,4691,10080
2023-12-08 10:05:05,33,35,4691,10080
2023-12-08 10:05:06,32,35,4691,10080
2023-12-08 10:05:07,33,35,4691,10080
2023-12-08 10:05:19,32,35,4691,10080
2023-12-08 10:05:21,32,34,4691,10080
2023-12-08 10:05:30,32,33,4691,10080
2023-12-08 10:05:30,31,33,4691,10080
2023-12-08 10:05:35,32,33,4691,10080
2023-12-08 10:05:38,31,33,4691,10080
2023-12-08 10:05:40,32,33,4691,10080
2023-12-08 10:05:43,32,34,4691,10080
2023-12-08 10:05:45,32,35,4691,10080
2023-12-08 10:05:45,33,35,4691,10080
2023-12-08 10:06:12,34,35,4691,10080
2023-12-08 10:06:44,34,36,4691,10080
2023-12-08 10:06:44,35,36,4691,10080
2023-12-08 10:07:11,36,37,4691,10086
2023-12-08 10:07:16,36,38,4691,10086
2023-12-08 10:07:20,37,38,4691,10086
2023-12-08 10:07:28,37,39,4691,10086
2023-12-08 10:07:29,38,39,4691,10086
2023-12-08 10:08:02,37,39,4691,10088
2023-12-08 10:08:03,37,38,4691,10088
2023-12-08 10:08:03,36,38,4691,10088
2023-12-08 10:08:09,36,39,4691,10088
2023-12-08 10:08:11,37,39,4691,10088
2023-12-08 10:08:27,38,39,4691,10088
2023-12-08 10:08:46,38,40,4691,10088
2023-12-08 10:08:46,39,40,4691,10088
2023-12-08 10:08:49,39,40,4691,10090
2023-12-08 10:08:56,39,40,4715,10114
2023-12-08 10:09:28,39,40,4715,10236
2023-12-08 10:09:34,38,40,4715,10236
2023-12-08 10:09:35,39,40,4715,10236
2023-12-08 10:09:35,38,40,4715,10408
2023-12-08 10:09:35,39,40,4715,10408
2023-12-08 10:09:36,39,41,4715,10408
2023-12-08 10:09:43,40,41,4715,10408
2023-12-08 10:09:49,40,42,4715,10408
2023-12-08 10:10:45,41,42,4715,10408
2023-12-08 10:10:57,40,42,4715,10408
2023-12-08 10:11:43,41,42,4715,10408
2023-12-08 10:11:50,41,43,4715,10408
2023-12-08 10:11:59,42,43,4715,10408
2023-12-08 10:12:02,41,43,4715,10408
2023-12-08 10:12:26,42,43,4715,10408
2023-12-08 10:12:46,41,43,4715,10408
2023-12-08 10:12:46,42,43,4715,10408
2023-12-08 10:12:50,41,43,4715,10408
2023-12-08 10:13:02,41,42,4715,10408
2023-12-08 10:13:04,39,42,4715,10410
2023-12-08 10:13:04,39,41,4715,10410
2023-12-08 10:13:05,38,41,4715,10410
2023-12-08 10:13:06,38,41,4715,10410
2023-12-08 10:13:11,38,40,4715,10410
2023-12-08 10:13:12,38,41,4715,10410
2023-12-08 10:13:17,38,40,4715,10410
2023-12-08 10:13:24,37,40,4715,10410
2023-12-08 10:13:28,38,40,4715,10410
2023-12-08 10:13:30,37,40,4715,10410
2023-12-08 10:13:36,38,40,4715,10410
2023-12-08 10:13:42,38,40,5215,10910
2023-12-08 10:13:45,39,40,5215,10910
2023-12-08 10:13:46,39,41,5215,10910
2023-12-08 10:13:58,40,41,5215,10910
2023-12-08 10:13:59,40,42,5215,10910
2023-12-08 10:14:03,41,42,5215,10910
2023-12-08 10:14:04,40,42,5215,10910
2023-12-08 10:14:05,41,42,5215,10910
2023-12-08 10:14:08,41,43,5215,10910
2023-12-08 10:14:16,40,43,5215,10910
2023-12-08 10:14:16,40,42,5215,10910
2023-12-08 10:14:17,41,42,5215,10910
2023-12-08 10:14:18,41,43,5215,10910
2023-12-08 10:14:28,42,43,5215,10910
2023-12-08 10:15:15,43,44,5215,11110
2023-12-08 10:15:26,42,44,5215,11110
2023-12-08 10:15:31,43,44,5215,11110
2023-12-08 10:15:38,42,44,5215,11110
2023-12-08 10:15:40,43,44,5215,11110
2023-12-08 10:16:18,43,45,5215,11110
2023-12-08 10:16:18,44,45,5215,11110
2023-12-08 10:16:25,44,46,5215,11110
2023-12-08 10:16:25,45,46,5215,11110
2023-12-08 10:16:54,46,47,5215,11314
2023-12-08 10:17:27,46,47,5248,11347
2023-12-08 10:17:28,45,47,5248,11443
2023-12-08 10:17:39,45,46,5248,11443
2023-12-08 10:17:42,45,47,5248,11443
2023-12-08 10:18:01,45,46,5248,11443
2023-12-08 10:18:12,45,47,5248,11443
2023-12-08 10:18:13,45,46,5248,11443
2023-12-08 10:18:20,45,47,5248,11443
2023-12-08 10:18:20,45,46,5248,11443
2023-12-08 10:19:03,44,45,5250,11445
2023-12-08 10:19:04,44,46,5250,11445
2023-12-08 10:19:05,44,45,5250,11445
2023-12-08 10:19:06,44,46,5250,11445
2023-12-08 10:19:21,45,46,5250,11445
2023-12-08 10:19:23,44,46,5250,11445
2023-12-08 10:19:24,45,46,5250,11445
2023-12-08 10:22:58,45,46,5350,11545
2023-12-08 10:23:40,43,46,5150,12545
2023-12-08 10:23:40,43,45,5150,12545
2023-12-08 10:23:52,43,46,5150,12545
2023-12-08 10:23:55,44,46,5150,12545
2023-12-08 10:24:28,45,46,5150,12545
2023-12-08 10:24:32,44,46,5150,12545
2023-12-08 10:24:57,45,46,5150,12545
2023-12-08 10:24:58,44,46,5150,12545
2023-12-08 10:24:59,45,46,5150,12545
2023-12-08 10:24:59,44,46,5150,12545
2023-12-08 10:25:09,44,45,5150,12545
2023-12-08 10:25:10,44,46,5150,12545
2023-12-08 10:25:15,44,45,5150,12545
2023-12-08 10:25:16,44,46,5150,12545
2023-12-08 10:25:19,44,45,5150,12545
2023-12-08 10:25:46,43,44,5150,12547
2023-12-08 10:26:14,42,43,5150,12549
2023-12-08 10:26:17,41,43,5150,12549
2023-12-08 10:26:27,41,42,5150,12549
2023-12-08 10:26:33,41,43,5150,12549
2023-12-08 10:26:36,42,43,5150,12549
2023-12-08 10:26:36,42,44,5150,12549
2023-12-08 10:26:48,42,43,5150,12549
2023-12-08 10:26:51,41,43,5150,12549
2023-12-08 10:26:56,42,43,5150,12549
2023-12-08 10:27:05,41,43,5150,12549
2023-12-08 10:27:06,42,43,5150,12549
2023-12-08 10:27:22,41,43,5150,12549
2023-12-08 10:27:22,42,43,5150,12549
2023-12-08 10:27:33,42,44,5150,12549
2023-12-08 10:27:52,43,44,5150,12549
2023-12-08 10:27:53,43,45,5150,12549
2023-12-08 10:27:59,43,44,5150,12549
2023-12-08 10:28:30,43,45,5150,12549
2023-12-08 10:28:45,44,45,5150,12549
2023-12-08 10:28:48,43,45,5150,12549
2023-12-08 10:28:55,44,45,5150,12549
2023-12-08 10:28:56,43,45,5150,12549
2023-12-08 10:29:04,43,44,5150,12549
2023-12-08 10:29:19,43,44,5150,13104
2023-12-08 10:29:28,42,44,5150,13104
2023-12-08 10:29:29,42,45,5150,13104
2023-12-08 10:29:29,42,43,5150,13104
2023-12-08 10:29:42,42,45,5150,13104
2023-12-08 10:29:42,42,44,5150,13104
2023-12-08 10:29:49,42,45,5150,13104
2023-12-08 10:29:49,42,43,5150,13104
2023-12-08 10:30:07,42,44,5150,13104
2023-12-08 10:30:21,43,44,5150,13104
2023-12-08 10:30:22,42,44,5150,13104
2023-12-08 10:30:24,42,45,5150,13104
2023-12-08 10:30:24,42,43,5150,13104
2023-12-08 10:30:44,41,43,5150,13104
2023-12-08 10:30:44,41,42,5150,13104
2023-12-08 10:31:10,41,42,4911,13343
2023-12-08 10:31:23,40,42,4911,13343
2023-12-08 10:31:45,40,41,4911,13343
2023-12-08 10:31:52,39,41,4911,13343
2023-12-08 10:32:21,39,42,4911,13343
2023-12-08 10:32:21,40,42,4911,13343
2023-12-08 10:32:39,40,42,4939,13371
2023-12-08 10:32:49,40,43,4939,13371
2023-12-08 10:32:49,41,43,4939,13371
2023-12-08 10:32:51,40,43,4939,13371
2023-12-08 10:32:54,40,42,4939,13371
2023-12-08 10:32:56,40,43,4939,13371
2023-12-08 10:33:01,40,42,4939,13371
2023-12-08 10:33:03,40,43,4939,13371
2023-12-08 10:33:05,40,42,4939,13371
2023-12-08 10:33:07,39,42,4939,13371
2023-12-08 10:33:10,39,41,4939,13371
2023-12-08 10:33:42,39,41,4439,13871
2023-12-08 10:33:46,39,40,4439,13871
2023-12-08 10:33:49,38,40,4439,13871
2023-12-08 10:33:59,38,39,4439,13871
2023-12-08 10:33:59,38,39,4439,13931
2023-12-08 10:34:02,37,39,4439,13931
2023-12-08 10:34:27,36,39,4439,13931
2023-12-08 10:34:27,36,38,4439,13931
2023-12-08 10:34:28,36,37,4439,13931
2023-12-08 10:34:28,36,37,4439,13991
2023-12-08 10:34:29,36,38,4439,13991
2023-12-08 10:34:30,36,37,4439,13991
2023-12-08 10:34:31,35,37,4439,13991
2023-12-08 10:34:42,35,38,4439,13991
2023-12-08 10:34:42,36,38,4439,13991
2023-12-08 10:34:58,35,38,4439,13991
2023-12-08 10:34:58,36,38,4439,13991
2023-12-08 10:34:59,35,38,4439,13991
2023-12-08 10:34:59,35,37,4439,13991
2023-12-08 10:35:10,35,36,4439,13991
2023-12-08 10:35:12,34,36,4239,14191
2023-12-08 10:35:17,34,35,4239,14191
2023-12-08 10:35:25,33,35,4039,14391
2023-12-08 10:35:28,33,34,4039,14391
2023-12-08 10:35:29,32,34,4039,14391
2023-12-08 10:35:32,33,34,4039,14391
2023-12-08 10:35:35,32,34,4039,14391
2023-12-08 10:35:39,33,34,4039,14391
2023-12-08 10:35:40,33,35,4039,14391
2023-12-08 10:35:42,33,34,4039,14391
2023-12-08 10:35:50,32,33,4041,14397
2023-12-08 10:35:51,31,33,4041,14397
2023-12-08 10:35:53,31,32,4041,14397
2023-12-08 10:35:53,30,32,4041,14397
2023-12-08 10:35:54,30,31,4041,14397
2023-12-08 10:36:01,29,31,3641,14797
2023-12-08 10:36:02,28,31,3641,14797
2023-12-08 10:36:02,28,30,3641,14797
2023-12-08 10:36:07,28,29,3641,14797
2023-12-08 10:36:09,27,29,3641,14797
2023-12-08 10:36:13,28,29,3641,14797
2023-12-08 10:36:15,28,30,3641,14797
2023-12-08 10:36:19,27,30,3641,14797
2023-12-08 10:36:19,29,30,3641,14797
2023-12-08 10:36:24,28,30,3641,14797
2023-12-08 10:36:27,29,30,3641,14797
2023-12-08 10:36:40,29,31,3641,14797
2023-12-08 10:36:40,30,31,3641,14797
2023-12-08 10:36:59,29,30,3643,14799
2023-12-08 10:37:01,29,31,3643,14799
2023-12-08 10:37:02,29,30,3643,14799
2023-12-08 10:37:04,28,30,3643,14799
2023-12-08 10:37:05,28,29,3643,14799
2023-12-08 10:37:06,27,28,3645,14801
2023-12-08 10:37:13,26,27,3645,14801
2023-12-08 10:37:18,25,27,3645,14801
2023-12-08 10:37:23,26,27,3645,14801
2023-12-08 10:37:24,25,27,3645,14801
2023-12-08 10:37:29,26,27,3645,14801
2023-12-08 10:37:42,25,27,3645,14801
2023-12-08 10:37:43,26,27,3645,14801
2023-12-08 10:37:44,25,27,3645,14801
2023-12-08 10:37:54,26,27,3645,14801
2023-12-08 10:37:57,26,28,3645,14801
2023-12-08 10:38:02,25,28,3645,14801
2023-12-08 10:38:02,26,28,3645,14801
2023-12-08 10:38:03,27,29,3645,14801
2023-12-08 10:38:06,27,28,3645,14801
2023-12-08 10:38:07,25,28,3645,14801
2023-12-08 10:38:07,26,28,3645,14801
2023-12-08 10:38:08,25,28,3645,14801
2023-12-08 10:38:08,27,28,3645,14801
2023-12-08 10:38:10,25,28,3645,14801
2023-12-08 10:38:10,26,28,3645,14801
2023-12-08 10:38:12,26,27,3645,14801
2023-12-08 10:38:14,26,28,3645,14801
2023-12-08 10:38:21,26,27,3645,14801
2023-12-08 10:38:24,26,28,3645,14801
2023-12-08 10:38:38,25,28,3645,14801
2023-12-08 10:38:38,27,28,3645,14801
2023-12-08 10:38:40,27,29,3645,14801
2023-12-08 10:38:42,27,28,3645,14801
2023-12-08 10:38:43,27,29,3645,14801
2023-12-08 10:38:44,27,28,3645,14801
2023-12-08 10:38:45,27,29,3645,14801
2023-12-08 10:38:47,27,28,3645,14801
2023-12-08 10:38:50,25,28,3645,14801
2023-12-08 10:38:50,26,28,3645,14801
2023-12-08 10:38:52,26,27,3645,14801
2023-12-08 10:38:52,25,27,3645,14801
2023-12-08 10:38:54,26,27,3645,14801
2023-12-08 10:38:55,26,28,3645,14801
2023-12-08 10:39:01,26,27,3645,14801
2023-12-08 10:39:02,25,27,3645,14801
2023-12-08 10:39:09,25,26,3645,14801
2023-12-08 10:39:12,25,27,3645,14801
2023-12-08 10:39:12,25,26,3645,14801
2023-12-08 10:39:24,25,26,3645,14861
2023-12-08 10:39:24,25,27,3921,15137
2023-12-08 10:39:31,25,26,3921,15137
2023-12-08 10:39:36,25,27,3921,15137
2023-12-08 10:39:36,25,26,3921,15137
2023-12-08 10:39:42,25,27,3921,15137
2023-12-08 10:39:42,25,26,3921,15137
2023-12-08 10:39:48,25,27,3921,15137
2023-12-08 10:39:51,25,28,3921,15137
2023-12-08 10:39:55,25,27,3921,15137
2023-12-08 10:40:19,25,28,3921,15137
2023-12-08 10:40:26,26,28,3921,15137
2023-12-08 10:40:29,26,29,3921,15137
2023-12-08 10:40:40,27,29,3921,15137
2023-12-08 10:40:44,27,30,4065,15281
2023-12-08 10:40:49,28,30,4065,15281
2023-12-08 10:40:51,27,30,4065,15281
2023-12-08 10:40:55,27,29,4065,15281
2023-12-08 10:41:01,26,29,4065,15281
2023-12-08 10:41:03,27,29,4065,15281
2023-12-08 10:41:06,26,29,4065,15281
2023-12-08 10:41:07,26,28,4065,15281
2023-12-08 10:41:08,26,29,4065,15281
2023-12-08 10:41:12,26,28,4065,15281
2023-12-08 10:41:14,26,29,4065,15281
2023-12-08 10:41:14,26,28,4065,15281
2023-12-08 10:41:15,26,29,4065,15281
2023-12-08 10:41:17,26,28,4065,15281
2023-12-08 10:41:18,26,29,4065,15281
2023-12-08 10:41:18,26,28,4065,15281
2023-12-08 10:41:18,26,29,4065,15281
2023-12-08 10:41:20,26,28,4065,15281
2023-12-08 10:41:41,26,29,4065,15281
2023-12-08 10:41:43,26,28,4065,15281
2023-12-08 10:41:50,26,29,4565,15781
2023-12-08 10:41:52,26,28,4565,15781
2023-12-08 10:41:53,26,29,4565,15781
2023-12-08 10:41:53,26,28,4565,15781
2023-12-08 10:41:55,26,27,4565,15781
2023-12-08 10:42:03,26,28,4565,15781
2023-12-08 10:42:21,26,27,4565,15781
2023-12-08 10:42:31,26,28,4565,15781
2023-12-08 10:42:34,26,29,4565,15781
2023-12-08 10:42:34,27,29,4565,15781
2023-12-08 10:42:43,27,30,4565,15781
2023-12-08 10:42:43,28,30,4565,15781
2023-12-08 10:43:04,27,30,4565,15781
2023-12-08 10:43:04,26,29,4565,15781
2023-12-08 10:43:04,27,29,4565,15781
2023-12-08 10:43:05,27,28,4565,15781
2023-12-08 10:43:06,27,29,4565,15781
2023-12-08 10:43:06,27,28,4565,15781
2023-12-08 10:43:08,27,29,4565,15781
2023-12-08 10:43:08,27,28,4565,15781
2023-12-08 10:43:10,27,29,4565,15781
2023-12-08 10:43:10,27,28,4565,15781
2023-12-08 10:43:14,27,29,4565,15781
2023-12-08 10:43:14,27,28,4565,15781
2023-12-08 10:43:20,26,28,4565,15781
2023-12-08 10:43:20,26,27,4565,15781
2023-12-08 10:43:30,26,28,4565,15781
2023-12-08 10:43:30,26,27,4565,15781
2023-12-08 10:43:39,26,29,4787,16003
2023-12-08 10:43:39,26,28,4787,16003
2023-12-08 10:43:39,26,27,4787,16003
2023-12-08 10:43:41,27,28,4787,16234
2023-12-08 10:43:42,27,29,4787,16234
2023-12-08 10:43:54,27,30,5287,16734
2023-12-08 10:43:55,28,30,5287,16734
2023-12-08 10:44:10,27,30,5287,16734
2023-12-08 10:44:10,29,30,5287,16734
2023-12-08 10:44:13,28,30,5287,16734
2023-12-08 10:44:13,27,30,5287,16734
2023-12-08 10:44:13,28,30,5287,16734
2023-12-08 10:44:16,27,30,5287,16734
2023-12-08 10:44:16,28,30,5287,16734
2023-12-08 10:44:16,29,30,5287,16734
2023-12-08 10:44:18,29,31,5315,16762
2023-12-08 10:44:23,28,31,5315,16762
2023-12-08 10:44:23,30,31,5315,16762
2023-12-08 10:44:23,30,31,5315,16882
2023-12-08 10:44:57,29,31,5315,16882
2023-12-08 10:44:57,29,30,5315,16882
2023-12-08 10:44:58,29,31,5315,16882
2023-12-08 10:44:58,29,30,5315,16882
2023-12-08 10:45:02,29,31,5315,16882
2023-12-08 10:45:03,28,31,5315,16882
2023-12-08 10:45:04,28,30,5315,16882
2023-12-08 10:45:15,28,31,5315,16882
2023-12-08 10:45:19,28,30,5315,16882
2023-12-08 10:45:23,28,29,5315,16882
2023-12-08 10:45:23,27,29,5315,16882
2023-12-08 10:45:28,27,30,5315,16882
2023-12-08 10:45:30,28,30,5315,16882
2023-12-08 10:45:47,27,30,5315,16882
2023-12-08 10:45:48,27,29,5315,16882
2023-12-08 10:45:53,27,30,5315,16882
2023-12-08 10:45:53,28,30,5315,16882
2023-12-08 10:46:07,29,30,5315,16882
2023-12-08 10:46:08,28,30,5315,16882
2023-12-08 10:46:09,29,30,5315,16882
2023-12-08 10:46:11,28,30,5315,16882
2023-12-08 10:46:12,29,30,5315,16882
2023-12-08 10:46:18,28,29,5317,16884
2023-12-08 10:46:18,28,30,5317,16884
2023-12-08 10:46:19,29,30,5317,16884
2023-12-08 10:46:20,28,30,5317,16884
2023-12-08 10:46:22,28,29,5317,16884
2023-12-08 10:46:24,28,30,5317,16884
2023-12-08 10:46:25,28,29,5317,16884
2023-12-08 10:46:27,28,30,5317,16884
2023-12-08 10:46:36,29,30,5317,16884
2023-12-08 10:46:51,28,30,5317,16884
2023-12-08 10:46:51,29,30,5317,16884
2023-12-08 10:46:51,30,31,5316,16885
2023-12-08 10:47:02,29,31,5316,16887
2023-12-08 10:47:03,28,31,5316,16887
2023-12-08 10:47:07,29,31,5316,16887
2023-12-08 10:47:08,28,31,5316,16887
2023-12-08 10:47:10,29,31,5316,16887
2023-12-08 10:47:15,28,31,5316,16887
2023-12-08 10:47:16,28,30,5316,16887
2023-12-08 10:47:31,29,30,5316,16887
2023-12-08 10:47:31,29,30,5317,16888
2023-12-08 10:47:32,28,30,5317,16888
2023-12-08 10:47:33,29,30,5317,16888
2023-12-08 10:47:33,29,31,5317,16888
2023-12-08 10:47:33,29,30,5317,16888
2023-12-08 10:47:34,29,31,5317,16888
2023-12-08 10:47:43,28,31,5317,16888
2023-12-08 10:47:43,30,31,5317,16888
2023-12-08 10:47:56,30,32,5317,16888
2023-12-08 10:47:57,31,32,5317,16888
2023-12-08 10:47:57,31,32,5317,17188
2023-12-08 10:48:00,30,32,5317,17188
2023-12-08 10:48:02,31,32,5317,17188
2023-12-08 10:48:18,31,32,5319,17190
2023-12-08 10:49:35,31,32,5349,17220
2023-12-08 10:49:42,31,33,5349,17220
2023-12-08 10:49:56,32,33,5349,17220
2023-12-08 10:49:58,31,33,5349,17220
2023-12-08 10:49:59,32,33,5349,17220
2023-12-08 10:50:06,31,33,5349,17220
2023-12-08 10:50:07,32,33,5349,17220
2023-12-08 10:50:09,31,33,5349,17220
2023-12-08 10:50:33,32,33,5349,17220
2023-12-08 10:50:42,31,33,5349,17220
2023-12-08 10:50:44,32,33,5349,17220
2023-12-08 10:50:49,31,33,5349,17220
2023-12-08 10:50:52,32,33,5349,17220
2023-12-08 10:51:06,32,34,5349,17220
2023-12-08 10:51:06,33,34,5349,17220
2023-12-08 10:51:14,33,35,5349,17220
2023-12-08 10:51:14,34,35,5349,17220
2023-12-08 10:51:31,34,36,5349,17220
2023-12-08 10:51:31,35,36,5349,17220
2023-12-08 10:51:50,34,36,5349,17220
2023-12-08 10:52:00,35,36,5349,17220
2023-12-08 10:52:17,35,37,5549,17420
2023-12-08 10:52:24,36,37,5549,17420
2023-12-08 10:52:28,35,37,5549,17420
2023-12-08 10:52:29,36,37,5549,17420
2023-12-08 10:52:35,36,37,5551,17422
2023-12-08 10:52:44,36,38,5551,17422
2023-12-08 10:52:46,37,38,5551,17422
2023-12-08 10:52:48,36,38,5551,17422
2023-12-08 10:52:51,37,38,5551,17422
2023-12-08 10:53:02,37,39,5551,17422
2023-12-08 10:53:02,38,39,5551,17422
2023-12-08 10:53:17,38,40,5551,17422
2023-12-08 10:53:18,39,40,5551,17422
2023-12-08 10:53:20,39,41,5551,17422
2023-12-08 10:53:21,40,41,5551,17422
2023-12-08 10:53:23,40,42,5551,17422
2023-12-08 10:53:23,41,42,5551,17422
2023-12-08 10:53:29,41,43,5751,17622
2023-12-08 10:53:39,41,43,5753,17624
2023-12-08 10:53:46,42,43,5753,17624
2023-12-08 10:53:49,42,44,5753,17624
2023-12-08 10:54:06,41,44,5753,17624
2023-12-08 10:54:08,42,44,5753,17624
2023-12-08 10:54:26,43,44,5753,17624
2023-12-08 10:54:55,43,45,5753,17624
2023-12-08 10:54:55,44,45,5753,17624
2023-12-08 10:55:00,43,45,5753,17624
2023-12-08 10:55:13,43,44,5753,17624
2023-12-08 10:55:13,42,44,5753,17624
2023-12-08 10:55:14,42,43,5753,17624
2023-12-08 10:55:14,41,43,5753,17624
2023-12-08 10:55:21,41,44,5753,17624
2023-12-08 10:55:22,42,44,5753,17624
2023-12-08 10:55:26,42,45,5753,17624
2023-12-08 10:55:29,43,45,5753,17624
2023-12-08 10:56:05,44,45,5753,17624
2023-12-08 10:56:06,43,45,5753,17624
2023-12-08 10:56:06,44,45,5753,17624
2023-12-08 10:56:38,44,45,5253,18124
2023-12-08 10:56:46,43,45,5253,18124
2023-12-08 10:56:46,44,45,5253,18124
2023-12-08 10:56:55,43,45,5253,18124
2023-12-08 10:57:15,44,45,5253,18124
2023-12-08 10:57:18,43,45,5253,18124
2023-12-08 10:57:18,44,45,5253,18124
2023-12-08 10:57:26,43,45,5253,18124
2023-12-08 10:57:26,44,45,5253,18124
2023-12-08 10:57:27,43,45,5253,18124
2023-12-08 10:57:27,44,45,5253,18124
2023-12-08 10:57:44,44,46,5253,18124
2023-12-08 10:57:45,45,46,5253,18124
2023-12-08 10:57:47,45,47,5253,18124
2023-12-08 10:57:51,46,47,5253,18124
2023-12-08 10:57:59,45,47,5253,18124
2023-12-08 10:58:12,46,47,5253,18124
2023-12-08 10:58:21,46,49,5253,18124
2023-12-08 10:58:35,46,48,5253,18124
2023-12-08 10:58:37,46,49,5253,18124
2023-12-08 10:58:38,46,48,5253,18124
2023-12-08 10:58:42,45,48,5253,18124
2023-12-08 10:58:54,46,48,5253,18124
2023-12-08 10:58:55,47,48,5253,18124
2023-12-08 10:58:56,46,48,5253,18124
2023-12-08 10:59:07,47,48,5253,18124
2023-12-08 10:59:08,46,48,5253,18124
2023-12-08 10:59:08,47,48,5253,18124
2023-12-08 10:59:09,46,48,5253,18124
2023-12-08 10:59:10,47,48,5253,18124
2023-12-08 10:59:13,46,48,5253,18124
2023-12-08 10:59:13,47,48,5253,18124
2023-12-08 10:59:15,46,48,5253,18124
2023-12-08 10:59:15,47,48,5253,18124
2023-12-08 10:59:20,46,48,5253,18124
2023-12-08 10:59:20,47,48,5253,18124
2023-12-08 10:59:33,47,49,5253,18124
2023-12-08 10:59:37,47,48,5253,18124
2023-12-08 10:59:38,47,49,5253,18124
2023-12-08 11:00:01,48,49,5253,18124
2023-12-08 11:00:01,47,49,5253,18231
2023-12-08 11:00:01,48,49,5253,18231
2023-12-08 11:00:02,47,49,5253,18231
2023-12-08 11:00:19,46,49,5253,18231
2023-12-08 11:00:23,46,48,5253,18231
2023-12-08 11:00:24,45,48,5253,18231
2023-12-08 11:00:26,45,47,5253,18231
2023-12-08 11:00:26,44,47,5253,18231
2023-12-08 11:00:45,44,46,5253,18231
2023-12-08 11:00:45,44,46,5223,18261
2023-12-08 11:00:51,43,46,5223,18261
2023-12-08 11:01:12,44,46,5223,18261
2023-12-08 11:01:14,44,47,5223,18261
2023-12-08 11:01:31,45,47,5223,18261
2023-12-08 11:01:31,44,47,5223,18261
2023-12-08 11:01:35,45,47,5223,18261
2023-12-08 11:01:42,44,47,5223,18261
2023-12-08 11:01:43,45,47,5223,18261
2023-12-08 11:01:44,46,47,5223,18261
2023-12-08 11:01:45,45,47,5223,18261
2023-12-08 11:01:47,45,48,5223,18261
2023-12-08 11:01:54,46,48,5223,18261
2023-12-08 11:01:57,45,48,5223,18261
2023-12-08 11:01:57,46,48,5223,18261
2023-12-08 11:02:02,47,48,5223,18261
2023-12-08 11:02:04,46,48,5223,18261
2023-12-08 11:02:04,45,48,5223,18261
2023-12-08 11:02:04,47,48,5223,18261
2023-12-08 11:02:13,45,48,4785,18699
2023-12-08 11:02:13,46,48,4785,18699
2023-12-08 11:02:14,45,48,4785,18699
2023-12-08 11:02:38,46,48,4785,18699
2023-12-08 11:02:41,45,48,4785,18699
2023-12-08 11:02:42,45,47,4785,18699
2023-12-08 11:02:45,45,48,4785,18699
2023-12-08 11:02:46,46,48,4785,18699
2023-12-08 11:02:47,45,48,4785,18699
2023-12-08 11:02:55,44,48,4785,18699
2023-12-08 11:02:55,44,47,4785,18699
2023-12-08 11:03:00,44,46,4785,18699
2023-12-08 11:03:14,44,45,4785,18699
2023-12-08 11:03:16,43,45,4785,18701
2023-12-08 11:03:21,43,44,4785,18701
2023-12-08 11:03:23,42,44,4785,18703
2023-12-08 11:03:26,42,43,4785,18703
2023-12-08 11:03:26,42,43,4785,18759
2023-12-08 11:03:27,41,43,4785,18759
2023-12-08 11:03:28,41,42,4785,18759
2023-12-08 11:03:31,40,42,4785,18761
2023-12-08 11:03:42,40,41,4785,18761
2023-12-08 11:03:43,40,42,4785,18761
2023-12-08 11:03:57,40,43,4785,18761
2023-12-08 11:04:03,40,42,4785,18761
2023-12-08 11:04:04,40,43,4785,18761
2023-12-08 11:04:05,40,42,4785,18761
2023-12-08 11:04:21,40,43,4785,18761
2023-12-08 11:04:22,41,43,4785,18761
2023-12-08 11:04:23,41,44,4785,18761
2023-12-08 11:04:26,41,43,4785,18761
2023-12-08 11:04:33,41,44,4785,18761
2023-12-08 11:05:07,40,44,4785,18761
2023-12-08 11:05:07,40,43,4785,18761
2023-12-08 11:05:16,40,42,4785,18761
2023-12-08 11:05:16,40,41,4985,18961
2023-12-08 11:05:16,39,41,4985,18961
2023-12-08 11:05:16,39,41,4787,19159
2023-12-08 11:05:16,38,41,4787,19159
2023-12-08 11:05:17,38,40,4787,19159
2023-12-08 11:05:18,38,39,4787,19159
2023-12-08 11:05:23,37,39,4787,19159
2023-12-08 11:05:23,37,38,4787,19159
2023-12-08 11:05:26,37,39,4787,19159
2023-12-08 11:05:26,37,38,4787,19159
2023-12-08 11:05:35,37,38,4787,19219
2023-12-08 11:05:37,36,38,4787,19219
2023-12-08 11:05:38,36,37,4787,19219
2023-12-08 11:05:46,36,38,4787,19219
2023-12-08 11:05:56,36,37,4787,19219
2023-12-08 11:06:01,36,38,4787,19219
2023-12-08 11:06:24,36,37,4787,19219
2023-12-08 11:06:26,36,38,4787,19219
2023-12-08 11:06:32,36,37,4787,19219
2023-12-08 11:06:44,36,38,4787,19219
2023-12-08 11:07:08,37,38,4787,19219
2023-12-08 11:07:09,36,38,4787,19219
2023-12-08 11:07:16,37,38,4787,19219
2023-12-08 11:07:17,36,38,4787,19219
2023-12-08 11:07:33,37,38,4787,19219
2023-12-08 11:07:36,36,38,4787,19219
2023-12-08 11:07:37,37,38,4787,19219
2023-12-08 11:07:38,36,38,4787,19219
2023-12-08 11:07:44,36,37,4787,19219
2023-12-08 11:07:48,35,37,4587,19421
2023-12-08 11:07:50,33,37,4587,19421
2023-12-08 11:07:50,33,36,4587,19421
2023-12-08 11:07:53,33,35,4587,19421
2023-12-08 11:07:55,33,36,4587,19421
2023-12-08 11:08:01,33,35,4587,19421
2023-12-08 11:08:03,33,36,4587,19421
2023-12-08 11:08:06,33,35,4587,19421
2023-12-08 11:08:15,31,35,4587,19421
2023-12-08 11:08:15,32,35,4587,19421
2023-12-08 11:08:17,32,34,4587,19421
2023-12-08 11:08:19,32,35,4587,19421
2023-12-08 11:08:33,32,34,4587,19421
2023-12-08 11:08:34,32,35,4587,19421
2023-12-08 11:08:34,32,34,4587,19421
2023-12-08 11:08:39,32,35,4587,19421
2023-12-08 11:09:00,33,35,4587,19421
2023-12-08 11:09:02,33,36,4587,19421
2023-12-08 11:09:05,34,36,4587,19421
2023-12-08 11:09:16,33,36,4587,19421
2023-12-08 11:09:21,34,36,4587,19421
2023-12-08 11:09:25,33,36,4587,19421
2023-12-08 11:09:27,33,35,4587,19421
2023-12-08 11:09:33,32,35,4587,19421
2023-12-08 11:09:35,33,35,4587,19421
2023-12-08 11:09:38,32,35,4587,19421
2023-12-08 11:09:49,32,34,4587,19421
2023-12-08 11:09:58,33,34,4587,19421
2023-12-08 11:09:59,33,35,4587,19421
2023-12-08 11:10:06,32,35,4587,19421
2023-12-08 11:10:16,32,34,4587,19421
2023-12-08 11:10:26,32,34,4667,19501
2023-12-08 11:10:30,32,33,4667,19501
2023-12-08 11:10:37,32,34,4667,19501
2023-12-08 11:10:39,32,33,4667,19501
2023-12-08 11:10:57,31,33,4667,19503
2023-12-08 11:10:57,31,32,4667,19503
2023-12-08 11:11:00,30,32,4667,19503
2023-12-08 11:11:00,30,31,4667,19503
2023-12-08 11:11:09,30,32,4667,19503
2023-12-08 11:11:17,30,31,4667,19503
2023-12-08 11:11:23,30,32,4667,19503
2023-12-08 11:11:23,30,31,4667,19503
2023-12-08 11:11:24,30,32,4667,19503
2023-12-08 11:11:25,31,32,4667,19503
2023-12-08 11:11:25,31,33,4667,19503
2023-12-08 11:11:40,31,34,4667,19503
2023-12-08 11:11:41,32,34,4667,19503
2023-12-08 11:11:56,32,33,4667,19503
2023-12-08 11:11:59,32,34,4667,19503
2023-12-08 11:12:01,32,33,4667,19503
2023-12-08 11:12:02,32,34,4667,19503
2023-12-08 11:12:02,32,33,4667,19503
2023-12-08 11:12:04,32,34,4667,19503
2023-12-08 11:12:05,31,34,4667,19503
2023-12-08 11:12:06,31,33,4667,19503
2023-12-08 11:12:26,30,33,4667,19503
2023-12-08 11:12:26,30,32,4667,19503
2023-12-08 11:12:30,30,31,4667,19503
2023-12-08 11:12:32,30,32,4667,19503
2023-12-08 11:12:33,30,31,4667,19503
2023-12-08 11:12:40,30,32,4667,19503
2023-12-08 11:12:40,30,31,4667,19503
2023-12-08 11:12:42,30,32,4667,19503
2023-12-08 11:12:44,30,31,4667,19503
2023-12-08 11:12:45,30,32,4667,19503
2023-12-08 11:12:45,30,31,4667,19503
2023-12-08 11:12:49,30,32,4667,19503
2023-12-08 11:12:49,30,31,4667,19503
2023-12-08 11:12:53,29,31,4667,19503
2023-12-08 11:13:05,29,32,4667,19503
2023-12-08 11:13:05,30,32,4667,19503
2023-12-08 11:13:12,29,32,4667,19503
2023-12-08 11:13:12,29,31,4667,19503
2023-12-08 11:13:30,29,30,4667,19503
2023-12-08 11:13:34,28,30,4667,19503
2023-12-08 11:13:34,28,29,4667,19503
2023-12-08 11:13:35,28,30,4667,19503
2023-12-08 11:13:36,27,30,4667,19503
2023-12-08 11:13:36,27,29,4667,19503
2023-12-08 11:14:05,27,28,4667,19503
2023-12-08 11:14:08,27,29,4667,19503
2023-12-08 11:14:08,27,28,4667,19503
2023-12-08 11:14:18,27,28,4667,19504
2023-12-08 11:14:25,27,29,4667,19504
2023-12-08 11:14:25,27,28,4667,19504
2023-12-08 11:14:30,27,29,4667,19504
2023-12-08 11:14:38,27,30,4667,19504
2023-12-08 11:14:38,28,30,4667,19504
2023-12-08 11:14:58,29,30,4667,19504
2023-12-08 11:15:01,29,31,4667,19504
2023-12-08 11:15:01,29,30,4667,19504
2023-12-08 11:15:04,29,31,4667,19504
2023-12-08 11:15:04,29,30,4667,19504
2023-12-08 11:15:07,28,30,4667,19504
2023-12-08 11:15:07,28,29,4667,19504
2023-12-08 11:15:09,28,30,4667,19504
2023-12-08 11:15:09,29,30,4667,19504
2023-12-08 11:15:10,27,30,4667,19504
2023-12-08 11:15:10,28,30,4667,19504
2023-12-08 11:15:10,28,29,4667,19504
2023-12-08 11:15:11,28,30,4667,19504
2023-12-08 11:15:12,28,29,4667,19504
2023-12-08 11:15:12,27,29,4667,19504
2023-12-08 11:15:28,27,28,4667,19504
2023-12-08 11:15:30,26,28,4667,19504
2023-12-08 11:15:38,26,27,4667,19504
2023-12-08 11:15:45,26,28,4667,19504
2023-12-08 11:15:45,26,27,4667,19504
2023-12-08 11:15:52,25,27,4667,19504
2023-12-08 11:15:58,25,28,4667,19504
2023-12-08 11:16:00,26,28,4667,19504
2023-12-08 11:16:10,26,28,4747,19584
2023-12-08 11:16:16,25,28,4747,19584
2023-12-08 11:16:16,26,28,4747,19584
2023-12-08 11:16:19,25,28,4747,19584
2023-12-08 11:16:19,25,27,4747,19584
2023-12-08 11:16:25,25,28,4747,19584
2023-12-08 11:16:25,25,27,4747,19584
2023-12-08 11:16:25,25,26,4747,19584
2023-12-08 11:16:41,24,25,4747,19744
2023-12-08 11:16:41,23,25,4747,19744
2023-12-08 11:16:42,23,24,4747,19744
2023-12-08 11:16:45,23,25,4747,19744
2023-12-08 11:16:52,22,25,4747,19744
2023-12-08 11:16:54,21,24,4747,19744
2023-12-08 11:16:54,21,23,4747,19744
2023-12-08 11:17:08,21,22,4747,19744
2023-12-08 11:17:09,20,22,4747,19744
2023-12-08 11:17:11,20,21,4747,19744
2023-12-08 11:17:11,20,21,4747,19754
2023-12-08 11:17:12,19,21,4747,19754
2023-12-08 11:17:30,19,20,4747,19754
2023-12-08 11:17:34,19,21,4747,19754
2023-12-08 11:17:54,19,20,4747,19754
2023-12-08 11:17:59,18,20,4747,19754
2023-12-08 11:17:59,18,19,4747,19754
2023-12-08 11:17:59,18,20,4747,19754
2023-12-08 11:18:04,18,21,4747,19754
2023-12-08 11:18:14,18,20,4747,19754
2023-12-08 11:18:24,19,20,4747,19754
2023-12-08 11:18:24,19,21,4747,19754
2023-12-08 11:18:28,19,22,4747,19754
2023-12-08 11:18:38,19,21,4747,19754
2023-12-08 11:18:38,19,22,4747,19754
2023-12-08 11:18:38,19,21,4747,19754
2023-12-08 11:18:39,19,22,4747,19754
2023-12-08 11:18:42,19,21,4747,19754
2023-12-08 11:18:44,18,21,4747,19754
2023-12-08 11:18:45,19,21,4747,19754
2023-12-08 11:18:53,18,21,4747,19754
2023-12-08 11:18:58,18,20,4747,19754
2023-12-08 11:19:13,18,21,4747,19754
2023-12-08 11:19:13,18,20,4747,19754
2023-12-08 11:19:13,18,21,4747,19754
2023-12-08 11:19:14,18,20,4747,19754
2023-12-08 11:19:14,18,19,4747,19754
2023-12-08 11:19:18,18,20,4747,19754
2023-12-08 11:19:26,18,21,4747,19754
2023-12-08 11:19:26,18,20,4747,19754
2023-12-08 11:19:29,18,19,4747,19754
2023-12-08 11:19:32,19,20,4747,19875
2023-12-08 11:19:32,18,20,4747,19954
2023-12-08 11:19:32,18,19,4747,19954
2023-12-08 11:19:36,19,20,4747,20126
2023-12-08 11:19:36,18,20,4747,20154
2023-12-08 11:19:48,18,21,4747,20154
2023-12-08 11:19:49,18,20,4747,20154
2023-12-08 11:19:49,18,21,4747,20154
2023-12-08 11:19:52,18,20,4747,20154
2023-12-08 11:20:07,18,21,4747,20154
2023-12-08 11:20:07,18,20,4747,20154
2023-12-08 11:20:08,18,19,4747,20154
2023-12-08 11:20:09,18,20,4747,20154
2023-12-08 11:20:09,18,19,4747,20154
2023-12-08 11:20:10,18,20,4747,20154
2023-12-08 11:20:14,18,21,4747,20154
2023-12-08 11:20:14,18,20,4747,20154
2023-12-08 11:20:22,18,19,4747,20154
2023-12-08 11:20:25,18,19,4827,20234
2023-12-08 11:20:33,18,20,4827,20234
2023-12-08 11:20:34,18,19,4827,20234
2023-12-08 11:20:35,17,19,4827,20234
2023-12-08 11:20:40,17,20,4827,20234
2023-12-08 11:20:40,17,19,4827,20234
2023-12-08 11:20:41,17,20,4827,20234
2023-12-08 11:20:41,17,19,4827,20234
2023-12-08 11:20:42,18,19,4827,20234
2023-12-08 11:20:42,18,20,4827,20234
2023-12-08 11:20:43,17,20,4827,20234
2023-12-08 11:20:44,18,20,4827,20234
2023-12-08 11:20:44,18,21,4827,20234
2023-12-08 11:20:48,19,21,4827,20234
2023-12-08 11:20:54,19,22,4827,20234
2023-12-08 11:21:00,19,21,4827,20234
2023-12-08 11:21:06,19,22,4827,20234
2023-12-08 11:21:21,19,21,4827,20234
2023-12-08 11:21:32,19,22,4827,20234
2023-12-08 11:21:32,19,20,4827,20234
2023-12-08 11:21:34,19,21,4827,20234
2023-12-08 11:21:44,19,20,4827,20234
2023-12-08 11:22:01,19,21,5016,20423
2023-12-08 11:22:02,19,20,5016,20423
2023-12-08 11:22:05,19,21,5016,20423
2023-12-08 11:22:17,19,20,5016,20423
2023-12-08 11:22:18,19,21,5016,20423
2023-12-08 11:22:19,19,20,5016,20423
2023-12-08 11:22:20,19,21,5016,20423
2023-12-08 11:22:27,19,20,5016,20423
2023-12-08 11:22:28,19,21,5016,20423
2023-12-08 11:22:28,19,20,5016,20423
2023-12-08 11:22:29,18,20,5016,20423
2023-12-08 11:22:34,18,21,5016,20423
2023-12-08 11:22:37,19,21,5016,20423
2023-12-08 11:22:38,19,22,5016,20423
2023-12-08 11:22:40,20,22,5016,20423
2023-12-08 11:22:53,20,21,5016,20423
2023-12-08 11:22:57,20,22,5016,20423
2023-12-08 11:22:58,20,21,5016,20423
2023-12-08 11:23:02,19,21,5016,20423
2023-12-08 11:23:03,19,22,5016,20423
2023-12-08 11:23:05,19,21,5016,20423
2023-12-08 11:23:12,18,21,5016,20423
2023-12-08 11:23:12,19,21,5016,20423
2023-12-08 11:23:33,19,20,5016,20423
2023-12-08 11:23:34,19,21,5016,20423
2023-12-08 11:23:34,19,20,5016,20423
2023-12-08 11:23:40,19,21,5016,20423
2023-12-08 11:23:43,19,22,5016,20423
2023-12-08 11:23:43,19,21,5016,20423
2023-12-08 11:23:49,19,20,5016,20423
2023-12-08 11:24:24,19,21,5016,20423
2023-12-08 11:24:24,19,20,5016,20423
2023-12-08 11:24:25,19,21,5016,20423
2023-12-08 11:24:25,19,20,5016,20423
2023-12-08 11:24:34,19,21,5016,20423
2023-12-08 11:24:34,19,20,5016,20423
2023-12-08 11:24:39,19,21,5016,20423
2023-12-08 11:24:47,19,20,5016,20423
2023-12-08 11:24:48,19,21,5016,20423
2023-12-08 11:24:48,19,20,5016,20423
2023-12-08 11:24:51,19,22,5016,20423
2023-12-08 11:24:51,19,20,5016,20423
2023-12-08 11:25:37,19,20,5021,20428
2023-12-08 11:25:52,18,19,5023,20430
2023-12-08 11:26:07,17,19,5023,20430
2023-12-08 11:26:07,18,19,5023,20430
2023-12-08 11:26:09,18,20,5023,20430
2023-12-08 11:26:09,18,19,5023,20430
2023-12-08 11:26:15,18,20,5023,20430
2023-12-08 11:26:25,19,20,5023,20430
2023-12-08 11:26:28,19,20,5206,20630
2023-12-08 11:26:31,19,20,5406,20830
2023-12-08 11:26:31,19,20,5961,21385
2023-12-08 11:26:32,19,22,6001,21425
2023-12-08 11:26:32,20,22,6001,21425
2023-12-08 11:26:37,20,23,6001,21425
2023-12-08 11:26:43,21,23,6001,21425
2023-12-08 11:26:45,21,24,6001,21425
2023-12-08 11:26:46,22,24,6001,21425
2023-12-08 11:26:52,23,24,6001,21425
2023-12-08 11:26:54,23,25,6001,21425
2023-12-08 11:27:02,22,25,6001,21425
2023-12-08 11:27:04,22,24,6001,21425
2023-12-08 11:27:11,22,25,6001,21425
2023-12-08 11:27:18,22,24,6001,21425
2023-12-08 11:27:19,22,24,6001,21427
2023-12-08 11:27:23,22,23,6001,21427
2023-12-08 11:27:24,22,24,6001,21427
2023-12-08 11:27:26,23,24,6001,21427
2023-12-08 11:27:34,23,25,6001,21427
2023-12-08 11:27:43,23,24,6001,21427
2023-12-08 11:27:45,22,23,6003,21429
2023-12-08 11:27:46,22,24,6003,21429
2023-12-08 11:27:49,22,23,6003,21429
2023-12-08 11:27:51,22,24,6003,21429
2023-12-08 11:27:51,22,23,6003,21429
2023-12-08 11:27:55,22,24,6003,21429
2023-12-08 11:28:01,22,25,6003,21429
2023-12-08 11:28:02,22,24,6003,21429
2023-12-08 11:28:02,22,25,6003,21429
2023-12-08 11:28:02,22,24,6003,21429
2023-12-08 11:28:03,22,25,6003,21429
2023-12-08 11:28:03,22,24,6003,21429
2023-12-08 11:28:08,22,23,6003,21429
2023-12-08 11:28:10,22,24,6003,21429
2023-12-08 11:28:13,22,25,6003,21429
2023-12-08 11:28:13,22,24,6003,21429
2023-12-08 11:28:16,23,24,6003,21429
2023-12-08 11:28:16,23,25,6003,21429
2023-12-08 11:28:23,24,25,6003,21429
2023-12-08 11:28:24,24,26,6003,21429
2023-12-08 11:28:35,23,26,6003,21429
2023-12-08 11:28:36,23,25,6003,21429
2023-12-08 11:28:38,22,25,6003,21429
2023-12-08 11:28:39,22,24,6003,21429
2023-12-08 11:28:46,22,23,6003,21429
2023-12-08 11:28:46,21,23,6003,21431
2023-12-08 11:28:47,20,23,6003,21431
2023-12-08 11:28:47,20,22,6003,21431
2023-12-08 11:28:53,20,21,6003,21431
2023-12-08 11:28:55,19,21,6003,21431
2023-12-08 11:29:03,20,21,6003,21431
2023-12-08 11:29:16,20,23,6003,21431
2023-12-08 11:29:16,21,23,6003,21431
2023-12-08 11:29:52,21,24,6003,21431
2023-12-08 11:29:55,22,24,6003,21431
2023-12-08 11:29:55,22,25,6003,21431
2023-12-08 11:30:00,22,26,6003,21431
2023-12-08 11:30:02,23,26,6003,21431
2023-12-08 11:30:17,23,25,6003,21431
2023-12-08 11:30:19,23,26,6003,21431
2023-12-08 11:30:20,23,25,6003,21431
2023-12-08 11:30:30,23,26,6187,21615
2023-12-08 11:30:30,23,25,6187,21615
2023-12-08 11:30:31,24,25,6187,21615
2023-12-08 11:30:31,24,26,6187,21615
2023-12-08 11:30:44,25,26,6187,21615
2023-12-08 11:31:11,24,25,6189,21617
2023-12-08 11:31:11,24,26,6189,21617
2023-12-08 11:31:11,24,25,6189,21617
2023-12-08 11:31:14,24,26,6189,21617
2023-12-08 11:31:16,24,27,6367,21995
2023-12-08 11:31:16,24,26,6367,21995
2023-12-08 11:31:17,25,26,6367,21995
2023-12-08 11:31:17,25,27,6367,21995
2023-12-08 11:31:28,25,28,6386,22195
2023-12-08 11:31:29,26,28,6386,22195
2023-12-08 11:31:38,26,27,6386,22195
2023-12-08 11:31:38,26,28,6576,22385
2023-12-08 11:31:50,26,27,6576,22385
2023-12-08 11:31:50,26,28,6576,22385
2023-12-08 11:32:08,26,27,6576,22385
2023-12-08 11:32:11,26,27,6578,22387
2023-12-08 11:32:14,26,28,6578,22387
2023-12-08 11:32:14,26,27,6578,22387
2023-12-08 11:32:18,26,28,6578,22387
2023-12-08 11:32:40,26,27,6578,22387
2023-12-08 11:32:41,26,28,6578,22387
2023-12-08 11:32:41,26,27,6578,22387
2023-12-08 11:32:42,26,28,6578,22387
2023-12-08 11:32:42,26,27,6578,22387
2023-12-08 11:32:43,26,28,6578,22387
2023-12-08 11:32:58,26,27,6578,22387
2023-12-08 11:33:01,26,28,6578,22387
2023-12-08 11:33:38,26,27,6578,22387
2023-12-08 11:33:40,26,28,6578,22387
2023-12-08 11:33:40,26,27,6578,22387
2023-12-08 11:33:42,26,28,6578,22387
2023-12-08 11:33:42,26,27,6578,22387
2023-12-08 11:33:48,25,26,6580,22389
2023-12-08 11:33:54,25,27,6580,22389
2023-12-08 11:33:54,25,26,6580,22389
2023-12-08 11:33:55,25,27,6580,22389
2023-12-08 11:33:59,25,26,6580,22389
2023-12-08 11:34:03,25,27,6580,22389
2023-12-08 11:34:07,25,28,6580,22389
2023-12-08 11:34:13,25,27,6580,22389
2023-12-08 11:34:33,24,27,6580,22389
2023-12-08 11:34:48,24,25,6580,22389
2023-12-08 11:34:48,23,24,6582,22391
2023-12-08 11:34:48,21,24,6582,22391
2023-12-08 11:34:48,21,23,6582,22391
2023-12-08 11:34:50,22,23,6582,22391
2023-12-08 11:34:52,22,24,6582,22391
2023-12-08 11:35:01,22,25,6582,22391
2023-12-08 11:35:01,23,25,6582,22391
2023-12-08 11:35:08,23,26,6582,22391
2023-12-08 11:35:10,24,26,6582,22391
2023-12-08 11:35:11,24,25,6582,22391
2023-12-08 11:35:24,23,25,6582,22396
2023-12-08 11:35:24,23,24,6582,22396
2023-12-08 11:35:34,23,25,6582,22396
2023-12-08 11:35:42,23,26,6582,22396
2023-12-08 11:36:03,23,25,6582,22396
2023-12-08 11:36:03,23,26,6582,22396
2023-12-08 11:36:03,23,25,6582,22396
2023-12-08 11:36:04,23,26,6582,22396
2023-12-08 11:36:05,23,27,6582,22396
2023-12-08 11:36:05,24,27,6582,22396
2023-12-08 11:36:17,24,26,6582,22396
2023-12-08 11:36:27,24,27,6582,22396
2023-12-08 11:36:27,24,25,6582,22396
2023-12-08 11:36:33,23,25,6582,22396
2023-12-08 11:36:36,23,26,6582,22396
2023-12-08 11:36:40,23,25,6582,22396
2023-12-08 11:36:41,23,26,6582,22396
2023-12-08 11:36:50,23,25,6582,22396
2023-12-08 11:36:54,23,26,6582,22396
2023-12-08 11:36:54,23,25,6582,22396
2023-12-08 11:36:55,23,24,6582,22396
2023-12-08 11:36:56,23,25,6582,22396
2023-12-08 11:36:58,23,24,6582,22396
2023-12-08 11:36:59,23,25,6582,22396
2023-12-08 11:36:59,23,24,6582,22396
2023-12-08 11:37:07,23,25,6582,22396
2023-12-08 11:37:07,23,24,6582,22396
2023-12-08 11:37:08,23,25,6582,22396
2023-12-08 11:37:08,23,24,6582,22396
2023-12-08 11:37:16,23,25,6582,22396
2023-12-08 11:37:17,23,24,6582,22396
2023-12-08 11:37:21,23,25,6582,22396
2023-12-08 11:37:21,23,24,6582,22396
2023-12-08 11:37:22,22,24,6561,22598
2023-12-08 11:37:25,22,23,6561,22598
2023-12-08 11:37:26,22,24,6561,22598
2023-12-08 11:37:27,22,23,6561,22598
2023-12-08 11:37:35,22,24,6561,22598
2023-12-08 11:37:35,22,23,6561,22598
2023-12-08 11:37:40,21,23,6561,22598
2023-12-08 11:37:47,21,22,6561,22598
2023-12-08 11:37:48,20,22,6561,22598
2023-12-08 11:37:49,20,21,6561,22598
2023-12-08 11:37:52,20,21,6661,22698
2023-12-08 11:37:53,19,21,6661,22698
2023-12-08 11:37:59,18,21,6661,23098
2023-12-08 11:38:00,18,20,6661,23098
2023-12-08 11:38:01,18,19,6661,23098
2023-12-08 11:38:03,17,19,6661,23100
2023-12-08 11:38:12,16,19,6661,23100
2023-12-08 11:38:12,16,18,6661,23100
2023-12-08 11:38:13,15,18,6661,23100
2023-12-08 11:38:13,15,17,6661,23100
2023-12-08 11:38:18,15,16,6661,23100
2023-12-08 11:38:24,15,17,6661,23100
2023-12-08 11:38:41,15,16,6661,23100
2023-12-08 11:38:42,15,17,6661,23100
2023-12-08 11:38:44,15,16,6661,23100
2023-12-08 11:38:49,15,16,6661,23102
2023-12-08 11:38:49,13,16,6661,23102
2023-12-08 11:38:49,13,15,6661,23102
2023-12-08 11:38:51,13,14,6661,23102
2023-12-08 11:38:54,12,14,6661,23102
2023-12-08 11:39:19,12,15,6661,23102
2023-12-08 11:39:35,13,15,6661,23102
2023-12-08 11:39:54,13,14,6661,23102
2023-12-08 11:40:12,12,14,6770,23211
2023-12-08 11:40:34,12,13,6770,23211
2023-12-08 11:40:39,12,14,6770,23211
2023-12-08 11:40:39,12,13,6770,23211
2023-12-08 11:40:41,12,14,6770,23211
2023-12-08 11:40:41,12,13,6770,23211
2023-12-08 11:40:46,11,13,6770,23211
2023-12-08 11:40:46,11,12,6770,23211
2023-12-08 11:40:47,11,13,6770,23211
2023-12-08 11:41:03,11,14,6770,23211
2023-12-08 11:41:14,11,13,6770,23211
2023-12-08 11:41:16,11,14,6770,23211
2023-12-08 11:41:17,11,13,6770,23211
2023-12-08 11:41:23,11,14,6770,23211
2023-12-08 11:41:23,11,13,6770,23211
2023-12-08 11:41:25,12,13,6770,23211
2023-12-08 11:41:28,12,14,6770,23211
2023-12-08 11:41:40,12,13,6770,23211
2023-12-08 11:41:44,12,13,6772,23213
2023-12-08 11:41:47,12,14,6772,23213
2023-12-08 11:41:53,12,13,6772,23213
2023-12-08 11:41:56,12,14,6772,23213
2023-12-08 11:41:56,12,13,6772,23213
2023-12-08 11:42:02,12,14,6772,23213
2023-12-08 11:42:10,12,13,6772,23213
2023-12-08 11:42:36,12,14,6772,23213
2023-12-08 11:42:36,12,13,6772,23213
2023-12-08 11:43:16,11,12,6774,23215
2023-12-08 11:43:27,11,14,6774,23215
2023-12-08 11:43:27,11,13,6774,23215
2023-12-08 11:43:38,11,12,6774,23215
2023-12-08 11:43:49,11,13,6774,23215
2023-12-08 11:43:51,11,12,6774,23215
2023-12-08 11:43:57,11,13,6774,23215
2023-12-08 11:43:57,11,12,6774,23215
2023-12-08 11:44:00,11,13,6774,23215
2023-12-08 11:44:00,11,12,6774,23215
2023-12-08 11:44:10,11,13,6774,23215
2023-12-08 11:44:10,11,12,6774,23215
2023-12-08 11:44:34,11,13,6774,23215
2023-12-08 11:44:36,11,14,6774,23215
2023-12-08 11:44:48,12,14,6774,23215
2023-12-08 11:45:14,13,14,6774,23215
2023-12-08 11:45:21,13,14,7274,23715
2023-12-08 11:45:29,13,15,7774,24215
2023-12-08 11:45:43,12,13,7776,24373
2023-12-08 11:45:48,12,13,7976,24573
2023-12-08 11:45:49,11,12,7978,24678
2023-12-08 11:46:15,11,13,7978,24678
2023-12-08 11:46:19,12,13,7978,24678
2023-12-08 11:46:44,11,13,7978,24678
2023-12-08 11:46:45,12,13,7978,24678
2023-12-08 11:46:56,11,12,7978,24792
2023-12-08 11:47:41,11,12,8178,24992
2023-12-08 11:47:42,11,13,8178,24992
2023-12-08 11:47:42,12,13,8178,24992
2023-12-08 11:47:46,11,13,8178,24992
2023-12-08 11:47:46,12,13,8178,24992
2023-12-08 11:47:46,11,13,8178,24992
2023-12-08 11:47:47,12,13,8178,24992
2023-12-08 11:48:13,12,14,8178,24992
2023-12-08 11:48:19,12,15,8178,24992
2023-12-08 11:48:27,12,14,8178,24992
2023-12-08 11:48:29,13,14,8178,24992
2023-12-08 11:48:34,13,15,8178,24992
2023-12-08 11:48:37,13,14,8178,24992
2023-12-08 11:48:41,12,14,8178,24992
2023-12-08 11:48:41,13,14,8178,24992
2023-12-08 11:48:44,12,14,8178,24992
2023-12-08 11:48:52,12,13,8178,24992
2023-12-08 11:49:10,12,14,8178,24992
2023-12-08 11:49:24,12,15,8178,24992
2023-12-08 11:49:27,13,15,8178,24992
2023-12-08 11:49:27,12,15,8178,24992
2023-12-08 11:49:27,13,15,8178,24992
2023-12-08 11:49:29,12,15,8178,24992
2023-12-08 11:49:30,13,15,8178,24992
2023-12-08 11:49:55,14,15,8178,24992
2023-12-08 11:49:55,13,15,8178,24992
2023-12-08 11:50:10,14,15,8178,24992
2023-12-08 11:50:15,14,17,8378,25192
2023-12-08 11:50:22,14,16,8378,25192
2023-12-08 11:50:28,14,15,8378,25192
2023-12-08 11:50:35,13,15,8578,25392
2023-12-08 11:50:36,13,14,8578,25392
2023-12-08 11:50:37,13,15,8578,25392
2023-12-08 11:50:58,14,15,8578,25392
2023-12-08 11:50:59,13,15,8578,25392
2023-12-08 11:50:59,14,15,8578,25392
2023-12-08 11:51:11,14,16,8578,25392
2023-12-08 11:51:16,14,15,8578,25392
2023-12-08 11:51:19,13,15,8578,25392
2023-12-08 11:51:19,14,15,8578,25392
2023-12-08 11:51:26,13,15,8578,25392
2023-12-08 11:51:32,13,14,8578,25392
2023-12-08 11:51:37,13,15,8578,25392
2023-12-08 11:51:53,13,14,8578,25392
2023-12-08 11:52:02,12,14,8778,25592
2023-12-08 11:52:03,12,13,8778,25592
2023-12-08 11:52:27,12,13,8978,25792
2023-12-08 11:52:28,11,13,8978,25792
2023-12-08 11:52:28,11,12,8978,25792
2023-12-08 11:52:37,11,13,8978,25792
2023-12-08 11:52:43,12,13,8978,25792
2023-12-08 11:52:44,11,13,8978,25792
2023-12-08 11:52:51,11,12,8978,25792
2023-12-08 11:53:23,11,13,8978,25792
2023-12-08 11:53:24,12,13,8978,25792
2023-12-08 11:53:34,11,13,8978,25792
2023-12-08 11:53:35,12,13,8978,25792
2023-12-08 11:53:42,11,13,8978,25792
2023-12-08 11:53:44,12,13,8978,25792
2023-12-08 11:53:55,12,14,8978,25792
2023-12-08 11:54:02,11,14,8978,25792
2023-12-08 11:54:02,12,14,8978,25792
2023-12-08 11:54:34,12,13,8978,25792
2023-12-08 11:54:44,12,14,8978,25792
2023-12-08 11:54:57,12,15,8978,25792
2023-12-08 11:54:59,13,15,8978,25792
2023-12-08 11:55:17,13,14,8978,25792
2023-12-08 11:55:23,13,15,8978,25792
2023-12-08 11:55:25,14,15,8978,25792
2023-12-08 11:55:30,13,15,8978,25792
2023-12-08 11:55:31,14,15,8978,25792
2023-12-08 11:55:34,13,15,8978,25792
2023-12-08 11:55:34,14,15,8978,25792
2023-12-08 11:55:45,14,16,8978,25792
2023-12-08 11:55:45,13,16,8978,25792
2023-12-08 11:55:45,14,16,8978,25792
2023-12-08 11:55:49,14,15,8978,25792
2023-12-08 11:55:53,14,16,8978,25792
2023-12-08 11:56:12,15,16,8978,25792
2023-12-08 11:56:14,15,17,8978,25792
2023-12-08 11:56:23,16,17,8978,25792
2023-12-08 11:56:39,15,17,8978,25792
2023-12-08 11:57:05,14,17,8978,25792
2023-12-08 11:57:06,14,16,8978,25792
2023-12-08 11:57:11,14,15,8978,25792
2023-12-08 11:57:18,14,16,8978,25792
2023-12-08 11:57:25,14,15,8978,25792
2023-12-08 11:57:26,14,16,8978,25792
2023-12-08 11:57:30,14,15,8978,25792
2023-12-08 11:58:27,13,14,8980,25989
2023-12-08 11:58:37,13,15,8980,25989
2023-12-08 11:58:38,13,14,8980,25989
2023-12-08 11:58:48,13,14,9180,26189
2023-12-08 11:58:49,13,14,9380,26389
2023-12-08 11:58:50,12,13,9382,26391
2023-12-08 11:59:00,12,14,9382,26391
2023-12-08 11:59:02,13,14,9382,26391
2023-12-08 11:59:02,12,14,9382,26391
2023-12-08 11:59:05,13,14,9382,26391
2023-12-08 11:59:11,13,15,9382,26391
2023-12-08 11:59:24,13,14,9382,26391
2023-12-08 11:59:37,12,13,9382,26556
2023-12-08 11:59:39,12,14,9382,26556
2023-12-08 11:59:42,13,14,9382,26556
2023-12-08 11:59:42,12,14,9382,26556
2023-12-08 11:59:50,13,14,9382,26556
2023-12-08 12:00:00,12,14,9382,26556
2023-12-08 12:00:00,13,14,9382,26556
2023-12-08 12:00:09,13,15,9382,26556
2023-12-08 12:00:11,13,16,9382,26556
2023-12-08 12:00:19,13,15,9382,26556
2023-12-08 12:00:22,13,16,9382,26556
2023-12-08 12:00:28,13,15,9382,26556
2023-12-08 12:00:57,14,15,9382,26556
2023-12-08 12:01:03,14,16,9382,26556
2023-12-08 12:01:07,14,15,9382,26556
2023-12-08 12:01:09,14,16,9382,26556
2023-12-08 12:01:32,14,17,9382,26556
2023-12-08 12:01:34,14,16,9382,26556
2023-12-08 12:01:39,13,16,9382,26556
2023-12-08 12:01:40,13,15,9382,26556
2023-12-08 12:01:42,13,15,9382,26558
2023-12-08 12:01:45,13,14,9382,26558
2023-12-08 12:02:55,12,14,9582,26758
2023-12-08 12:02:56,11,14,9582,26758
2023-12-08 12:02:56,11,13,9582,26758
2023-12-08 12:02:57,10,13,9582,26758
2023-12-08 12:02:57,11,13,9582,26758
2023-12-08 12:02:57,11,12,9582,26758
2023-12-08 12:02:58,10,12,9582,26758
2023-12-08 12:02:58,11,12,9582,26758
2023-12-08 12:03:01,10,12,9582,26758
2023-12-08 12:03:01,11,12,9582,26758
2023-12-08 12:03:02,10,12,9582,26758
2023-12-08 12:03:03,11,12,9582,26758
2023-12-08 12:03:03,11,13,9582,26758
2023-12-08 12:03:04,10,13,9582,26758
2023-12-08 12:03:05,11,13,9582,26758
2023-12-08 12:03:11,12,13,9582,26758
2023-12-08 12:03:15,12,15,9582,26758
2023-12-08 12:03:17,13,15,9582,26758
2023-12-08 12:03:35,13,16,9582,26758
2023-12-08 12:03:37,14,16,9582,26758
2023-12-08 12:03:56,15,16,9582,26758
2023-12-08 12:04:02,14,16,9582,26758
2023-12-08 12:04:02,15,16,9582,26758
2023-12-08 12:04:10,14,16,9582,26758
2023-12-08 12:04:28,13,16,9582,26758
2023-12-08 12:04:28,14,16,9582,26758
2023-12-08 12:04:28,14,15,9582,26758
2023-12-08 12:04:29,13,15,9582,26758
2023-12-08 12:04:30,12,15,9582,26758
2023-12-08 12:04:30,12,14,9582,26758
2023-12-08 12:04:38,12,15,9582,26758
2023-12-08 12:04:42,13,15,9582,26758
2023-12-08 12:04:46,14,15,9582,26758
2023-12-08 12:04:49,13,15,9582,26758
2023-12-08 12:04:55,13,14,9582,26758
2023-12-08 12:05:01,12,14,9582,26758
2023-12-08 12:05:07,13,14,9582,26758
2023-12-08 12:05:19,13,15,9582,26758
2023-12-08 12:05:23,13,14,9582,26758
2023-12-08 12:05:33,12,14,9582,26758
2023-12-08 12:05:34,13,14,9582,26758
2023-12-08 12:05:37,12,14,9582,26758
2023-12-08 12:05:37,13,14,9582,26758
2023-12-08 12:05:39,12,14,9582,26758
2023-12-08 12:05:39,12,13,9582,26758
2023-12-08 12:05:40,12,14,9582,26758
2023-12-08 12:05:50,13,14,9582,26758
2023-12-08 12:05:50,12,14,9582,26758
2023-12-08 12:05:51,13,14,9582,26758
2023-12-08 12:05:55,13,15,9582,26758
2023-12-08 12:05:58,12,15,9582,26758
2023-12-08 12:06:00,13,15,9582,26758
2023-12-08 12:06:10,14,15,9582,26758
2023-12-08 12:06:12,13,15,9582,26758
2023-12-08 12:06:13,14,15,9582,26758
2023-12-08 12:06:14,13,15,9582,26758
2023-12-08 12:06:17,14,15,9582,26758
2023-12-08 12:06:28,13,15,9582,26758
2023-12-08 12:06:29,14,15,9582,26758
2023-12-08 12:06:31,13,15,9582,26758
2023-12-08 12:06:31,14,15,9582,26758
2023-12-08 12:06:52,14,16,9582,26758
2023-12-08 12:07:01,14,15,9582,26758
2023-12-08 12:07:01,13,15,9582,26758
2023-12-08 12:07:10,12,15,9582,26758
2023-12-08 12:07:11,12,14,9582,26758
2023-12-08 12:07:15,13,14,9582,26758
2023-12-08 12:07:17,12,14,9582,26758
2023-12-08 12:07:23,12,15,9582,26758
2023-12-08 12:07:29,13,15,9582,26758
2023-12-08 12:07:54,13,14,9582,26758
2023-12-08 12:07:56,12,14,9582,26758
2023-12-08 12:07:56,13,14,9582,26758
2023-12-08 12:08:01,12,14,9582,26758
2023-12-08 12:08:04,13,14,9582,26758
2023-12-08 12:08:10,12,14,9582,26758
2023-12-08 12:08:11,13,14,9582,26758
2023-12-08 12:08:13,12,14,9582,26758
2023-12-08 12:08:16,11,14,9582,26758
2023-12-08 12:08:16,11,13,9582,26758
2023-12-08 12:08:29,11,12,9582,26758
2023-12-08 12:08:31,10,12,9582,26758
2023-12-08 12:08:32,11,12,9582,26758
2023-12-08 12:08:32,11,13,9582,26758
2023-12-08 12:08:44,12,13,9582,26758
2023-12-08 12:08:45,12,14,9582,26758
2023-12-08 12:08:47,12,15,9582,26758
2023-12-08 12:08:49,13,15,9582,26758
2023-12-08 12:08:59,13,14,9582,26758
2023-12-08 12:09:02,13,15,9582,26758
2023-12-08 12:09:04,12,15,9582,26758
2023-12-08 12:09:05,12,14,9582,26758
2023-12-08 12:09:16,13,14,9582,26758
2023-12-08 12:09:18,12,14,9582,26758
2023-12-08 12:09:34,12,14,9582,26758
2023-12-08 12:09:34,12,13,9582,26758
2023-12-08 12:09:50,10,12,9584,26760
2023-12-08 12:10:04,11,12,9584,26760
2023-12-08 12:10:13,11,13,9584,26760
2023-12-08 12:10:15,11,12,9584,26760
2023-12-08 12:10:24,10,12,9584,26760
2023-12-08 12:10:26,9,12,9584,26760
2023-12-08 12:10:30,10,12,9584,26760
2023-12-08 12:10:33,9,12,9584,26760
2023-12-08 12:10:33,11,12,9584,26760
2023-12-08 12:10:33,9,12,9584,26760
2023-12-08 12:10:33,11,12,9584,26760
2023-12-08 12:10:36,10,12,9584,26760
2023-12-08 12:10:36,9,12,9584,26760
2023-12-08 12:10:36,10,12,9584,26760
2023-12-08 12:10:36,11,12,9584,26760
2023-12-08 12:10:45,10,12,9584,26760
2023-12-08 12:10:54,10,11,9584,26760
2023-12-08 12:11:00,9,11,9584,26760
2023-12-08 12:11:00,10,11,9584,26760
2023-12-08 12:11:02,9,11,9584,26760
2023-12-08 12:11:02,10,11,9584,26760
2023-12-08 12:11:03,9,11,9584,26760
2023-12-08 12:11:03,10,11,9584,26760
2023-12-08 12:11:16,8,11,9584,26760
2023-12-08 12:11:16,10,11,9584,26760
2023-12-08 12:11:18,10,11,9584,26960
2023-12-08 12:11:19,9,10,9584,27010
2023-12-08 12:11:52,9,11,9584,27010
2023-12-08 12:11:52,10,11,9584,27010
2023-12-08 12:11:53,9,11,9584,27010
2023-12-08 12:11:55,10,11,9584,27010
2023-12-08 12:12:10,9,11,9584,27010
2023-12-08 12:12:10,10,11,9584,27010
2023-12-08 12:12:56,10,11,9587,27210
2023-12-08 12:12:58,10,11,9740,27410
2023-12-08 12:12:59,10,11,9940,27610
2023-12-08 12:12:59,10,11,10140,27810
2023-12-08 12:13:02,10,11,10340,28010
2023-12-08 12:13:20,10,11,10540,28210
2023-12-08 12:13:21,9,11,10540,28210
2023-12-08 12:13:21,9,10,10540,28210
2023-12-08 12:13:28,8,9,10542,28212
2023-12-08 12:13:30,7,9,10542,28212
2023-12-08 12:13:42,7,8,10542,28212
2023-12-08 12:14:28,5,8,10544,28214
2023-12-08 12:14:28,5,7,10544,28214
2023-12-08 12:14:42,6,7,10544,28214
2023-12-08 12:14:45,5,7,10544,28214
2023-12-08 12:14:45,6,7,10544,28214
2023-12-08 12:15:02,5,7,10544,28214
2023-12-08 12:15:02,6,7,10544,28214
2023-12-08 12:15:42,6,8,10544,28214
2023-12-08 12:15:42,6,7,10544,28214
2023-12-08 12:16:04,6,8,10944,28614
2023-12-08 12:16:07,6,8,11444,29114
2023-12-08 12:16:14,5,8,11946,29616
2023-12-08 12:16:15,6,8,11946,29616
2023-12-08 12:16:32,7,8,11946,29616
2023-12-08 12:16:33,6,8,11946,29616
2023-12-08 12:16:33,7,8,11946,29616
2023-12-08 12:16:34,6,8,11946,29616
2023-12-08 12:16:34,7,8,11946,29616
2023-12-08 12:16:37,6,8,11946,29616
2023-12-08 12:16:37,5,8,11946,29616
2023-12-08 12:16:37,6,8,11946,29616
2023-12-08 12:16:37,7,8,11946,29616
2023-12-08 12:16:46,6,8,11946,29616
2023-12-08 12:16:46,7,8,11946,29616
2023-12-08 12:16:47,7,9,11946,29616
2023-12-08 12:16:57,8,9,11946,29616
2023-12-08 12:16:58,8,10,11946,29616
2023-12-08 12:16:58,8,10,11946,29616
2023-12-08 12:16:59,7,10,11946,29616
2023-12-08 12:16:59,8,10,11946,29616
2023-12-08 12:17:01,7,10,11946,29616
2023-12-08 12:17:02,7,8,11946,29616
2023-12-08 12:17:04,7,10,12130,29800
2023-12-08 12:17:04,8,10,12130,29800
2023-12-08 12:17:09,9,10,12130,29800
2023-12-08 12:17:21,9,11,12130,29800
2023-12-08 12:17:22,8,11,12130,29800
2023-12-08 12:17:22,9,11,12130,29800
2023-12-08 12:17:24,10,11,12130,29800
2023-12-08 12:17:32,9,11,12130,29800
2023-12-08 12:17:34,10,11,12130,29800
2023-12-08 12:17:40,10,12,12130,29800
2023-12-08 12:17:42,9,12,12130,29800
2023-12-08 12:17:44,10,12,12130,29800
2023-12-08 12:17:51,11,12,12130,29800
2023-12-08 12:18:00,10,12,12130,29800
2023-12-08 12:18:01,11,12,12130,29800
2023-12-08 12:18:07,11,13,12130,29800
2023-12-08 12:18:07,12,13,12130,29800
2023-12-08 12:18:08,11,13,12130,29800
2023-12-08 12:18:18,12,13,12130,29800
2023-12-08 12:18:32,12,13,12130,30355
2023-12-08 12:18:49,11,12,12130,30357
2023-12-08 12:19:01,11,13,12130,30357
2023-12-08 12:19:04,12,13,12130,30357
2023-12-08 12:19:06,11,13,12130,30357
2023-12-08 12:19:06,12,13,12130,30357
2023-12-08 12:19:09,11,13,12130,30357
2023-12-08 12:19:14,12,13,12130,30357
2023-12-08 12:19:20,12,14,12130,30357
2023-12-08 12:19:28,13,14,12130,30357
2023-12-08 12:19:28,12,14,12130,30357
2023-12-08 12:19:30,13,14,12130,30357
2023-12-08 12:19:34,12,14,12130,30357
2023-12-08 12:19:42,13,14,12130,30357
2023-12-08 12:19:42,12,14,12130,30357
2023-12-08 12:19:42,13,14,12130,30357
2023-12-08 12:19:49,12,14,12130,30357
2023-12-08 12:19:49,13,14,12130,30357
2023-12-08 12:20:02,13,15,12130,30357
2023-12-08 12:20:02,14,15,12130,30357
2023-12-08 12:20:03,13,15,12130,30357
2023-12-08 12:20:19,14,15,12130,30357
2023-12-08 12:20:23,13,15,12130,30357
2023-12-08 12:20:23,14,15,12130,30357
2023-12-08 12:20:25,13,15,12130,30357
2023-12-08 12:20:49,14,15,12130,30357
2023-12-08 12:20:51,13,15,12130,30357
2023-12-08 12:20:56,14,15,12130,30357
2023-12-08 12:20:59,13,15,12130,30357
2023-12-08 12:21:07,13,16,12130,30357
2023-12-08 12:21:07,14,16,12130,30357
2023-12-08 12:21:38,14,15,12130,30357
2023-12-08 12:21:41,14,16,12130,30357
2023-12-08 12:21:41,15,16,12130,30357
2023-12-08 12:21:44,14,16,12130,30357
2023-12-08 12:22:04,14,15,12130,30357
2023-12-08 12:22:06,14,16,12130,30357
2023-12-08 12:22:17,14,16,12430,30857
2023-12-08 12:22:18,15,16,12430,30857
2023-12-08 12:22:20,15,16,12930,31357
2023-12-08 12:22:25,15,17,12930,31357
2023-12-08 12:22:42,15,18,12930,31357
2023-12-08 12:22:50,17,18,12930,31357
2023-12-08 12:23:55,16,17,12930,31359
2023-12-08 12:24:01,16,18,12930,31359
2023-12-08 12:24:01,16,17,12930,31359
2023-12-08 12:24:02,16,18,12930,31359
2023-12-08 12:24:04,16,17,12930,31359
2023-12-08 12:24:36,16,18,12930,31359
2023-12-08 12:24:44,16,17,12930,31359
2023-12-08 12:24:46,16,18,12930,31359
2023-12-08 12:25:02,16,17,12930,31359
2023-12-08 12:25:04,16,18,12930,31359
2023-12-08 12:25:07,16,17,12930,31359
2023-12-08 12:25:11,16,18,12930,31359
2023-12-08 12:25:33,17,18,12930,31359
2023-12-08 12:25:36,16,18,12930,31359
2023-12-08 12:25:36,17,18,12930,31359
2023-12-08 12:25:40,16,18,12930,31359
2023-12-08 12:25:44,17,18,12930,31359
2023-12-08 12:25:49,16,18,12930,31359
2023-12-08 12:25:49,17,18,12930,31359
2023-12-08 12:25:52,16,18,12930,31359
2023-12-08 12:25:52,17,18,12930,31359
2023-12-08 12:25:56,16,18,12930,31359
2023-12-08 12:26:39,16,17,12930,31359
2023-12-08 12:26:51,16,18,12930,31359
2023-12-08 12:26:51,16,17,12930,31359
2023-12-08 12:27:16,16,18,12930,31359
2023-12-08 12:27:17,16,17,12930,31359
2023-12-08 12:27:18,16,18,12930,31359
2023-12-08 12:27:23,16,17,12930,31359
2023-12-08 12:27:24,16,18,12930,31359
2023-12-08 12:27:25,16,17,12930,31359
2023-12-08 12:27:31,16,18,12930,31359
2023-12-08 12:27:39,17,18,12930,31359
2023-12-08 12:28:20,17,19,12930,31560
2023-12-08 12:28:22,18,19,12930,31560
2023-12-08 12:28:25,18,19,13429,32060
2023-12-08 12:28:28,18,20,13429,32060
2023-12-08 12:28:28,19,20,13429,32060
2023-12-08 12:28:32,19,21,13429,32260
2023-12-08 12:29:08,20,21,13429,32260
2023-12-08 12:29:09,20,22,13429,32260
2023-12-08 12:29:10,21,22,13429,32260
2023-12-08 12:29:11,21,22,13431,32262
2023-12-08 12:29:20,20,22,13431,32262
2023-12-08 12:29:45,19,22,13431,32262
2023-12-08 12:29:51,19,21,13431,32262
2023-12-08 12:30:03,19,22,13431,32262
2023-12-08 12:30:28,20,22,13431,32262
2023-12-08 12:30:36,21,22,13431,32262
2023-12-08 12:30:37,20,22,13431,32262
2023-12-08 12:30:37,21,22,13431,32262
2023-12-08 12:30:38,21,22,13433,32264
2023-12-08 12:30:40,21,22,13435,32266
2023-12-08 12:30:53,20,22,13435,32266
2023-12-08 12:30:57,19,22,13435,32266
2023-12-08 12:31:01,20,22,13435,32266
2023-12-08 12:31:19,19,22,13435,32266
2023-12-08 12:31:20,20,22,13435,32266
2023-12-08 12:31:24,19,22,13435,32266
2023-12-08 12:31:25,20,22,13435,32266
2023-12-08 12:31:38,20,21,13435,32266
2023-12-08 12:31:44,20,21,13435,32268
2023-12-08 12:31:47,19,21,13435,32268
2023-12-08 12:31:53,20,21,13435,32268
2023-12-08 12:32:38,20,22,13435,32268
2023-12-08 12:32:39,20,21,13435,32268
2023-12-08 12:32:40,20,22,13435,32268
2023-12-08 12:32:40,20,21,13435,32268
2023-12-08 12:33:15,20,22,13435,32268
2023-12-08 12:33:18,20,21,13435,32268
2023-12-08 12:33:41,19,20,13435,32270
2023-12-08 12:33:49,17,20,13435,32270
2023-12-08 12:33:53,18,20,13435,32270
2023-12-08 12:33:57,18,21,13435,32270
2023-12-08 12:33:57,18,19,13435,32270
2023-12-08 12:33:57,17,19,13435,32270
2023-12-08 12:34:13,17,18,13435,32270
2023-12-08 12:34:15,16,18,13435,32270
2023-12-08 12:34:15,16,17,13435,32270
2023-12-08 12:34:24,16,18,13435,32270
2023-12-08 12:34:42,16,19,13435,32270
2023-12-08 12:34:43,17,19,13435,32270
2023-12-08 12:34:58,17,20,13435,32270
2023-12-08 12:34:58,17,21,13435,32270
2023-12-08 12:34:58,17,20,13435,32270
2023-12-08 12:34:59,18,20,13435,32270
2023-12-08 12:35:05,17,20,13435,32270
2023-12-08 12:35:05,18,20,13435,32270
2023-12-08 12:35:11,17,20,13435,32270
2023-12-08 12:35:19,17,19,13435,32270
2023-12-08 12:35:44,17,20,13435,32270
2023-12-08 12:35:44,17,21,13435,32270
2023-12-08 12:35:44,17,20,13435,32270
2023-12-08 12:35:47,17,21,13435,32270
2023-12-08 12:35:47,17,20,13435,32270
2023-12-08 12:35:47,17,19,13435,32270
2023-12-08 12:36:00,17,20,13435,32270
2023-12-08 12:36:00,17,21,13435,32270
2023-12-08 12:36:00,17,20,13435,32270
2023-12-08 12:36:01,17,21,13435,32270
2023-12-08 12:36:01,17,20,13435,32270
2023-12-08 12:36:01,17,19,13435,32270
2023-12-08 12:36:01,18,19,13435,32270
2023-12-08 12:36:12,17,19,13435,32270
2023-12-08 12:36:13,17,18,13435,32270
2023-12-08 12:36:13,16,18,13435,32270
2023-12-08 12:36:42,17,18,13435,32270
2023-12-08 12:36:45,16,18,13435,32270
2023-12-08 12:36:46,16,19,13435,32270
2023-12-08 12:36:47,16,18,13435,32270
2023-12-08 12:37:00,16,17,13435,32270
2023-12-08 12:37:05,16,18,13435,32270
2023-12-08 12:37:20,16,17,13435,32270
2023-12-08 12:37:57,16,18,13435,32270
2023-12-08 12:38:12,16,19,13435,32270
2023-12-08 12:38:15,17,19,13435,32270
2023-12-08 12:38:25,17,20,13435,32270
2023-12-08 12:38:26,18,20,13435,32270
2023-12-08 12:38:27,18,21,13435,32270
2023-12-08 12:38:27,18,22,13435,32270
2023-12-08 12:38:27,18,21,13435,32270
2023-12-08 12:38:27,18,21,13437,32272
2023-12-08 12:38:28,18,22,13437,32272
2023-12-08 12:38:28,18,20,13437,32272
2023-12-08 12:38:29,18,22,13437,32272
2023-12-08 12:38:29,18,21,13437,32272
2023-12-08 12:38:41,18,20,13437,32272
2023-12-08 12:38:55,18,21,13437,32272
2023-12-08 12:38:55,18,22,13437,32272
2023-12-08 12:38:55,18,21,13437,32272
2023-12-08 12:39:06,18,22,13437,32272
2023-12-08 12:39:06,18,20,13437,32272
2023-12-08 12:39:08,18,22,13437,32272
2023-12-08 12:39:08,18,21,13437,32272
2023-12-08 12:39:11,18,22,13437,32272
2023-12-08 12:39:11,18,20,13437,32272
2023-12-08 12:39:13,19,20,13437,32272
2023-12-08 12:39:15,19,21,13437,32272
2023-12-08 12:39:15,19,22,13437,32272
2023-12-08 12:39:15,19,21,13437,32272
2023-12-08 12:39:21,18,21,13437,32272
2023-12-08 12:39:21,19,21,13437,32272
2023-12-08 12:39:31,18,21,13437,32272
2023-12-08 12:39:48,18,20,13437,32272
2023-12-08 12:39:48,18,20,13437,32274
2023-12-08 12:39:50,18,21,13437,32274
2023-12-08 12:39:51,18,20,13437,32274
2023-12-08 12:39:58,18,22,13437,32274
2023-12-08 12:39:58,18,21,13437,32274
2023-12-08 12:40:00,19,21,13437,32274
2023-12-08 12:40:15,19,21,13439,32276
2023-12-08 12:40:18,19,21,13441,32278
2023-12-08 12:40:20,19,21,13443,32280
2023-12-08 12:40:47,18,21,13443,32280
2023-12-08 12:40:47,18,20,13443,32280
2023-12-08 12:40:49,18,21,13443,32280
2023-12-08 12:41:01,19,21,13443,32280
2023-12-08 12:41:02,19,20,13443,32280
2023-12-08 12:41:02,18,20,13443,32280
2023-12-08 12:41:02,19,20,13443,32280
2023-12-08 12:41:03,19,21,13443,32280
2023-12-08 12:41:07,19,20,13443,32280
2023-12-08 12:41:16,19,20,13445,32282
2023-12-08 12:41:21,19,20,13447,32284
2023-12-08 12:41:24,18,20,13447,32284
2023-12-08 12:41:25,19,20,13447,32284
2023-12-08 12:41:26,18,20,13447,32284
2023-12-08 12:41:31,18,19,13447,32284
2023-12-08 12:41:42,18,21,13447,32284
2023-12-08 12:41:42,18,20,13447,32284
2023-12-08 12:41:48,18,19,13447,32284
2023-12-08 12:41:51,18,20,13447,32284
2023-12-08 12:41:57,19,20,13447,32284
2023-12-08 12:41:57,19,21,13447,32286
2023-12-08 12:41:58,19,21,13449,32288
2023-12-08 12:42:17,20,21,13449,32288
2023-12-08 12:42:18,19,21,13449,32288
2023-12-08 12:42:18,19,21,13451,32290
2023-12-08 12:42:22,20,21,13451,32290
2023-12-08 12:42:33,20,22,13451,32291
2023-12-08 12:42:40,20,22,13453,32293
2023-12-08 12:42:41,19,22,13453,32293
2023-12-08 12:42:53,20,22,13453,32293
2023-12-08 12:42:55,20,22,13455,32295
2023-12-08 12:43:03,19,22,13455,32295
2023-12-08 12:43:04,19,21,13455,32295
2023-12-08 12:43:06,19,22,13455,32295
2023-12-08 12:43:18,20,22,13455,32295
2023-12-08 12:43:19,19,22,13455,32295
2023-12-08 12:43:19,19,22,13457,32297
2023-12-08 12:43:25,20,22,13457,32297
2023-12-08 12:43:26,20,22,13459,32299
2023-12-08 12:43:31,19,22,13459,32299
2023-12-08 12:43:31,20,22,13459,32299
2023-12-08 12:43:31,21,22,13459,32299
2023-12-08 12:43:32,20,22,13459,32299
2023-12-08 12:43:33,20,22,13461,32301
2023-12-08 12:43:33,21,22,13461,32301
2023-12-08 12:43:35,21,22,13463,32303
2023-12-08 12:43:37,20,22,13463,32303
2023-12-08 12:43:37,20,22,13465,32305
2023-12-08 12:43:37,21,22,13465,32305
2023-12-08 12:43:39,21,22,13467,32307
2023-12-08 12:43:57,21,23,13467,32509
2023-12-08 12:44:15,21,24,13467,32709
2023-12-08 12:44:23,21,23,13467,32709
2023-12-08 12:44:27,21,24,13467,32709
2023-12-08 12:44:27,21,22,13467,32709
2023-12-08 12:44:27,20,22,13467,32709
2023-12-08 12:44:43,21,22,13467,32709
2023-12-08 12:44:45,21,22,13469,32711
2023-12-08 12:44:52,20,22,13469,32711
2023-12-08 12:44:53,21,22,13469,32711
2023-12-08 12:44:54,20,22,13469,32711
2023-12-08 12:44:54,20,22,13471,32713
2023-12-08 12:44:55,21,22,13471,32713
2023-12-08 12:44:56,21,22,13473,32715
2023-12-08 12:44:58,20,22,13473,32715
2023-12-08 12:44:59,20,22,13475,32717
2023-12-08 12:45:09,21,22,13475,32717
2023-12-08 12:45:09,21,24,13475,32717
2023-12-08 12:45:09,21,23,13475,32717
2023-12-08 12:45:10,21,23,13477,32719
2023-12-08 12:45:14,21,23,13479,32721
2023-12-08 12:45:17,21,23,13481,32723
2023-12-08 12:45:22,21,23,13483,32725
2023-12-08 12:45:26,21,24,13483,32725
2023-12-08 12:45:26,22,24,13483,32725
2023-12-08 12:45:27,21,24,13483,32725
2023-12-08 12:45:27,22,24,13483,32725
2023-12-08 12:45:27,22,24,13485,32727
2023-12-08 12:45:29,21,24,13485,32727
2023-12-08 12:45:30,21,24,13487,32729
2023-12-08 12:45:30,21,23,13487,32729
2023-12-08 12:45:32,21,23,13489,32731
2023-12-08 12:45:36,20,23,13489,32731
2023-12-08 12:45:36,21,23,13489,32731
2023-12-08 12:45:38,21,23,13491,32733
2023-12-08 12:45:42,21,24,13491,32733
2023-12-08 12:45:42,22,24,13491,32733
2023-12-08 12:45:43,22,24,13493,32735
2023-12-08 12:45:44,21,24,13493,32735
2023-12-08 12:45:45,21,23,13493,32735
2023-12-08 12:45:46,21,24,13493,32735
2023-12-08 12:45:46,22,24,13493,32735
2023-12-08 12:45:47,21,24,13493,32735
2023-12-08 12:45:47,21,24,13495,32737
2023-12-08 12:45:51,21,23,13495,32737
2023-12-08 12:45:58,20,23,13495,32737
2023-12-08 12:46:00,21,23,13495,32737
2023-12-08 12:46:01,21,23,13497,32739
2023-12-08 12:46:03,20,23,13497,32739
2023-12-08 12:46:07,20,24,13497,32739
2023-12-08 12:46:07,20,22,13497,32739
2023-12-08 12:46:11,20,22,13499,32741
2023-12-08 12:46:18,21,22,13499,32741
2023-12-08 12:46:19,20,22,13501,32743
2023-12-08 12:46:29,21,22,13501,32743
2023-12-08 12:46:30,20,22,13501,32743
2023-12-08 12:46:30,21,22,13501,32743
2023-12-08 12:46:31,21,22,13503,32745
2023-12-08 12:46:33,21,22,13505,32747
2023-12-08 12:46:34,20,22,13505,32747
2023-12-08 12:46:34,21,22,13505,32747
2023-12-08 12:46:35,21,22,13507,32749
2023-12-08 12:46:48,21,23,13507,32749
2023-12-08 12:46:57,22,23,13507,32749
2023-12-08 12:46:59,22,23,13509,32751
2023-12-08 12:47:03,21,23,13663,32905
2023-12-08 12:47:03,22,23,13663,32905
2023-12-08 12:47:04,22,23,13665,32907
2023-12-08 12:47:06,21,23,13665,32907
2023-12-08 12:47:07,21,24,13665,32907
2023-12-08 12:47:15,22,24,13665,32907
2023-12-08 12:47:16,22,24,13667,32909
2023-12-08 12:47:17,21,24,13667,32909
2023-12-08 12:47:17,22,24,13667,32909
2023-12-08 12:47:18,21,24,13669,32911
2023-12-08 12:47:20,21,24,13671,32913
2023-12-08 12:47:26,21,23,13671,32913
2023-12-08 12:47:26,21,23,13673,32915
2023-12-08 12:47:28,21,23,13675,32917
2023-12-08 12:47:32,21,24,13675,32917
2023-12-08 12:47:34,21,24,13677,32919
2023-12-08 12:47:47,21,24,13679,32921
2023-12-08 12:47:56,21,23,13679,32921
2023-12-08 12:47:58,21,23,13681,32923
2023-12-08 12:48:01,21,24,13681,32923
2023-12-08 12:48:01,22,24,13681,32923
2023-12-08 12:48:02,21,24,13681,32923
2023-12-08 12:48:02,21,24,13683,32925
2023-12-08 12:48:03,21,23,13683,32925
2023-12-08 12:48:05,21,24,13683,32925
2023-12-08 12:48:05,21,23,13683,32925
2023-12-08 12:48:06,21,23,13685,32927
2023-12-08 12:48:10,22,23,13685,32927
2023-12-08 12:48:12,21,23,13687,32929
2023-12-08 12:48:17,22,23,13687,32929
2023-12-08 12:48:18,22,23,13689,32931
2023-12-08 12:48:19,21,23,13689,32931
2023-12-08 12:48:21,21,23,13690,32932
2023-12-08 12:48:22,22,23,13690,32932
2023-12-08 12:48:23,22,23,13692,32934
2023-12-08 12:48:24,21,23,13692,32934
2023-12-08 12:48:55,22,23,13692,32934
2023-12-08 12:48:56,21,23,13692,32934
2023-12-08 12:48:56,22,23,13692,32934
2023-12-08 12:48:56,22,23,13694,32936
2023-12-08 12:48:59,22,23,13696,32938
2023-12-08 12:49:01,22,23,13698,32940
2023-12-08 12:49:05,21,23,13698,32940
2023-12-08 12:49:06,22,23,13698,32940
2023-12-08 12:49:06,21,23,13698,32940
2023-12-08 12:49:07,21,23,13700,32942
2023-12-08 12:49:09,21,23,13702,32944
2023-12-08 12:49:14,22,23,13702,32944
2023-12-08 12:49:15,21,23,13702,32944
2023-12-08 12:49:16,21,23,13704,32946
2023-12-08 12:49:18,22,23,13704,32946
2023-12-08 12:49:19,22,23,13706,32948
2023-12-08 12:49:21,21,23,13706,32948
2023-12-08 12:49:21,22,23,13706,32948
2023-12-08 12:49:22,22,24,13706,32950
2023-12-08 12:49:22,22,24,13708,32952
2023-12-08 12:49:27,21,24,13708,32952
2023-12-08 12:49:27,22,24,13708,32952
2023-12-08 12:49:29,22,24,13710,32954
2023-12-08 12:49:31,22,24,13712,32956
2023-12-08 12:49:40,22,24,13714,32958
2023-12-08 12:49:43,21,24,13714,32958
2023-12-08 12:49:43,22,24,13714,32958
2023-12-08 12:49:44,22,24,13716,32960
2023-12-08 12:49:49,22,23,13716,32960
2023-12-08 12:49:49,21,23,13716,32960
2023-12-08 12:49:51,21,24,13716,32960
2023-12-08 12:49:51,21,22,13716,32960
2023-12-08 12:49:52,21,24,13716,32960
2023-12-08 12:49:52,21,23,13716,32960
2023-12-08 12:49:53,21,24,13716,32960
2023-12-08 12:49:53,21,22,13716,32960
2023-12-08 12:49:56,21,24,13716,32960
2023-12-08 12:49:56,21,23,13716,32960
2023-12-08 12:50:00,21,24,13716,32960
2023-12-08 12:50:00,21,22,13716,32960
2023-12-08 12:50:03,21,24,13716,32960
2023-12-08 12:50:03,21,23,13716,32960
2023-12-08 12:50:11,21,24,13716,32960
2023-12-08 12:50:17,21,23,13716,32960
2023-12-08 12:50:23,21,22,13716,32960
2023-12-08 12:50:24,21,23,13716,32960
2023-12-08 12:50:35,21,22,13716,32960
2023-12-08 12:50:40,21,23,13716,32960
2023-12-08 12:50:44,21,24,13716,32960
2023-12-08 12:50:46,21,23,13716,32960
2023-12-08 12:50:51,21,24,13716,32960
2023-12-08 12:51:01,22,24,13716,32960
2023-12-08 12:51:01,23,24,13716,32960
2023-12-08 12:51:01,21,24,13716,32960
2023-12-08 12:51:02,22,24,13718,32962
2023-12-08 12:51:04,22,25,13718,32964
2023-12-08 12:51:04,22,25,13720,32966
2023-12-08 12:51:05,22,26,13720,32966
2023-12-08 12:51:06,22,25,13720,32966
2023-12-08 12:51:07,22,25,13722,32968
2023-12-08 12:51:09,22,25,13724,32970
2023-12-08 12:51:11,22,25,13726,32972
2023-12-08 12:51:12,22,26,13726,32972
2023-12-08 12:51:13,22,25,13726,32972
2023-12-08 12:51:13,22,25,13728,32974
2023-12-08 12:51:16,23,25,13728,32974
2023-12-08 12:51:16,23,25,13730,32976
2023-12-08 12:51:18,24,25,13730,32976
2023-12-08 12:51:18,24,25,13732,32978
2023-12-08 12:51:19,22,25,13732,32978
2023-12-08 12:51:19,24,25,13732,32978
2023-12-08 12:51:20,24,26,13732,32978
2023-12-08 12:51:20,25,26,13732,32978
2023-12-08 12:51:20,25,26,13912,33158
2023-12-08 12:51:20,25,26,13914,33160
2023-12-08 12:51:22,24,26,13916,33162
2023-12-08 12:51:22,25,26,13916,33162
2023-12-08 12:51:23,22,26,13916,33162
2023-12-08 12:51:23,25,26,13916,33162
2023-12-08 12:51:24,25,26,13918,33164
2023-12-08 12:51:25,25,27,13918,33164
2023-12-08 12:51:25,23,27,13918,33164
2023-12-08 12:51:25,24,27,13918,33164
2023-12-08 12:51:26,25,27,13918,33164
2023-12-08 12:51:27,24,27,13920,33166
2023-12-08 12:51:29,24,27,13922,33168
2023-12-08 12:51:31,23,27,13922,33168
2023-12-08 12:51:31,23,27,13924,33170
2023-12-08 12:51:32,24,27,13924,33170
2023-12-08 12:51:34,24,26,13924,33170
2023-12-08 12:51:34,23,26,13926,33172
2023-12-08 12:51:36,23,26,13928,33174
2023-12-08 12:51:38,23,26,13930,33176
2023-12-08 12:51:40,23,25,13930,33176
2023-12-08 12:51:41,23,25,13931,33177
2023-12-08 12:51:42,23,24,13931,33177
2023-12-08 12:51:47,23,25,13931,33177
2023-12-08 12:51:47,23,24,13931,33177
2023-12-08 12:51:47,21,23,13931,33178
2023-12-08 12:51:48,21,24,13931,33178
2023-12-08 12:51:48,21,22,13931,33178
2023-12-08 12:51:49,21,24,13931,33178
2023-12-08 12:51:49,21,23,13931,33178
2023-12-08 12:51:49,21,23,13933,33180
2023-12-08 12:52:06,21,23,13935,33182
2023-12-08 12:52:18,22,23,13935,33182
2023-12-08 12:52:19,22,23,13937,33184
2023-12-08 12:52:21,21,23,13937,33184
2023-12-08 12:52:21,22,23,13937,33184
2023-12-08 12:52:22,22,23,13939,33186
2023-12-08 12:52:26,21,22,13939,33438
2023-12-08 12:52:39,21,23,13939,33438
2023-12-08 12:52:39,19,21,13939,33440
2023-12-08 12:52:39,19,23,13939,33440
2023-12-08 12:52:39,19,22,13939,33440
2023-12-08 12:52:44,20,22,13939,33440
2023-12-08 12:52:45,20,22,13941,33442
2023-12-08 12:52:46,19,22,13941,33442
2023-12-08 12:52:46,20,22,13941,33442
2023-12-08 12:52:46,21,22,13941,33442
2023-12-08 12:52:47,21,22,13943,33444
2023-12-08 12:52:49,21,22,13945,33446
2023-12-08 12:52:51,20,22,13945,33446
2023-12-08 12:52:51,19,22,13945,33446
2023-12-08 12:52:51,21,22,13945,33446
2023-12-08 12:52:52,21,22,13947,33448
2023-12-08 12:53:01,21,23,13947,33448
2023-12-08 12:53:10,20,23,13947,33448
2023-12-08 12:53:10,21,23,13947,33448
2023-12-08 12:53:11,21,23,13949,33450
2023-12-08 12:53:24,22,23,13949,33450
2023-12-08 12:53:25,22,23,13951,33452
2023-12-08 12:53:33,22,24,13951,33454
2023-12-08 12:53:34,22,25,13951,33454
2023-12-08 12:53:35,23,25,13951,33454
2023-12-08 12:53:36,23,25,13953,33456
2023-12-08 12:53:40,24,25,13953,33456
2023-12-08 12:53:41,23,25,13953,33456
2023-12-08 12:53:41,23,25,13955,33458
2023-12-08 12:53:44,24,25,13955,33458
2023-12-08 12:53:45,23,25,13955,33458
2023-12-08 12:53:45,24,25,13955,33458
2023-12-08 12:53:45,24,25,13957,33460
2023-12-08 12:53:46,23,25,13957,33460
2023-12-08 12:53:47,23,25,13959,33462
2023-12-08 12:53:49,24,25,13959,33462
2023-12-08 12:53:49,23,25,13959,33462
2023-12-08 12:53:50,23,25,13961,33464
2023-12-08 12:53:51,24,25,13961,33464
2023-12-08 12:53:51,23,25,13961,33464
2023-12-08 12:53:52,24,25,13961,33464
2023-12-08 12:53:52,24,25,13963,33466
2023-12-08 12:53:54,24,25,13965,33468
2023-12-08 12:54:06,24,26,13965,33470
2023-12-08 12:54:11,23,26,13965,33470
2023-12-08 12:54:11,24,26,13965,33470
2023-12-08 12:54:12,24,26,13967,33472
2023-12-08 12:54:20,23,26,13967,33472
2023-12-08 12:54:20,24,26,13967,33472
2023-12-08 12:54:21,24,26,13969,33474
2023-12-08 12:54:22,25,26,13969,33474
2023-12-08 12:54:23,23,26,13969,33474
2023-12-08 12:54:23,23,26,13971,33476
2023-12-08 12:54:24,24,26,13971,33476
2023-12-08 12:54:24,25,26,13971,33476
2023-12-08 12:54:26,25,26,13973,33478
2023-12-08 12:54:26,24,26,13973,33478
2023-12-08 12:54:28,24,25,13973,33478
2023-12-08 12:54:28,24,25,13975,33480
2023-12-08 12:54:30,24,25,13977,33482
2023-12-08 12:54:33,24,25,13979,33484
2023-12-08 12:54:41,23,25,13979,33484
2023-12-08 12:54:41,24,25,13979,33484
2023-12-08 12:54:42,24,25,13981,33486
2023-12-08 12:54:56,23,25,13981,33486
2023-12-08 12:54:56,24,25,13981,33486
2023-12-08 12:54:57,24,25,13983,33488
2023-12-08 12:54:58,23,25,13983,33488
2023-12-08 12:54:59,24,25,13983,33488
2023-12-08 12:55:00,24,25,13985,33490
2023-12-08 12:55:08,24,26,13985,33490
2023-12-08 12:55:08,25,26,13985,33490
2023-12-08 12:55:08,25,26,14143,33648
2023-12-08 12:55:09,25,26,14145,33650
2023-12-08 12:55:12,23,26,14145,33650
2023-12-08 12:55:12,25,26,14145,33650
2023-12-08 12:55:13,23,26,14145,33650
2023-12-08 12:55:13,25,26,14145,33650
2023-12-08 12:55:14,25,26,14147,33652
2023-12-08 12:55:14,23,26,14147,33652
2023-12-08 12:55:14,24,26,14147,33652
2023-12-08 12:55:16,24,26,14149,33654
2023-12-08 12:55:18,24,26,14151,33656
2023-12-08 12:55:19,23,26,14151,33656
2023-12-08 12:55:19,24,26,14151,33656
2023-12-08 12:55:20,24,26,14153,33658
2023-12-08 12:55:22,25,26,14153,33658
2023-12-08 12:55:23,25,26,14155,33660
2023-12-08 12:55:26,24,26,14155,33660
2023-12-08 12:55:26,23,26,14155,33660
2023-12-08 12:55:26,25,26,14155,33660
2023-12-08 12:55:27,25,26,14157,33662
2023-12-08 12:55:30,23,26,14157,33662
2023-12-08 12:55:30,25,26,14157,33662
2023-12-08 12:55:31,25,26,14159,33664
2023-12-08 12:55:33,25,26,14161,33666
2023-12-08 12:55:42,25,27,14161,33666
2023-12-08 12:55:42,26,27,14161,33666
2023-12-08 12:55:43,26,27,14163,33668
2023-12-08 12:55:45,25,27,14163,33668
2023-12-08 12:55:45,24,27,14163,33668
2023-12-08 12:55:45,26,27,14163,33668
2023-12-08 12:55:46,26,27,14165,33670
2023-12-08 12:55:51,26,27,14167,33672
2023-12-08 12:55:52,24,27,14167,33672
2023-12-08 12:55:52,26,27,14167,33672
2023-12-08 12:55:53,26,27,14169,33674
2023-12-08 12:55:57,26,27,14191,33696
2023-12-08 12:55:57,26,27,14213,33718
2023-12-08 12:55:57,26,27,14345,33850
2023-12-08 12:55:58,25,26,14345,33957
2023-12-08 12:55:58,25,27,14345,33957
2023-12-08 12:55:58,25,27,14347,33959
2023-12-08 12:56:06,25,26,14347,33959
2023-12-08 12:56:06,23,26,14347,33959
2023-12-08 12:56:31,25,26,14347,33959
2023-12-08 12:56:32,23,26,14349,33961
2023-12-08 12:56:42,24,26,14349,33961
2023-12-08 12:56:44,23,26,14351,33963
2023-12-08 12:56:47,24,26,14351,33963
2023-12-08 12:56:48,24,26,14353,33965
2023-12-08 12:56:56,24,25,14353,33965
2023-12-08 12:58:02,22,24,14353,33967
2023-12-08 12:58:02,22,25,14353,33967
2023-12-08 12:58:03,22,24,14353,33967
2023-12-08 12:58:04,22,24,14355,33969
2023-12-08 12:58:08,21,24,14355,33969
2023-12-08 12:58:10,21,25,14355,33969
2023-12-08 12:58:10,21,24,14355,33969
2023-12-08 12:58:10,21,23,14355,33969
2023-12-08 12:58:12,21,24,14355,33969
2023-12-08 12:58:12,20,24,14355,33969
2023-12-08 12:58:12,20,22,14355,33969
2023-12-08 12:58:24,20,24,14355,33969
2023-12-08 12:58:24,20,23,14355,33969
2023-12-08 12:58:36,21,23,14355,33969
2023-12-08 12:58:37,21,23,14357,33971
2023-12-08 12:58:38,20,23,14357,33971
2023-12-08 12:58:44,21,23,14357,33971
2023-12-08 12:58:45,20,23,14359,33973
2023-12-08 12:58:46,21,23,14359,33973
2023-12-08 12:58:47,20,23,14361,33975
2023-12-08 12:58:48,21,23,14361,33975
2023-12-08 12:58:49,20,23,14363,33977
2023-12-08 12:58:50,21,23,14363,33977
2023-12-08 12:58:51,21,23,14365,33979
2023-12-08 12:59:00,21,24,14365,33979
2023-12-08 12:59:05,21,24,14367,33981
2023-12-08 12:59:08,21,25,14367,33981
2023-12-08 12:59:09,22,25,14367,33981
2023-12-08 12:59:10,22,25,14369,33983
2023-12-08 12:59:39,22,25,14371,33985
2023-12-08 12:59:48,23,25,14371,33985
2023-12-08 12:59:49,22,25,14373,33987
2023-12-08 12:59:59,22,24,14373,33987
2023-12-08 13:00:02,22,25,14373,33989
2023-12-08 13:00:05,23,25,14373,33989
2023-12-08 13:00:06,22,25,14375,33991
2023-12-08 13:00:11,22,24,14375,33991
2023-12-08 13:00:13,22,24,14377,33993
2023-12-08 13:00:15,22,24,14379,33995
2023-12-08 13:00:18,22,24,14381,33997
2023-12-08 13:00:20,22,24,14383,33999
2023-12-08 13:00:20,23,24,14383,33999
2023-12-08 13:00:22,22,24,14385,34001
2023-12-08 13:00:25,22,24,14387,34003
2023-12-08 13:00:27,22,24,14389,34005
2023-12-08 13:00:29,22,24,14391,34007
2023-12-08 13:00:30,23,24,14391,34007
2023-12-08 13:00:31,23,24,14393,34009
2023-12-08 13:00:34,23,24,14395,34011
2023-12-08 13:00:36,21,24,14397,34013
2023-12-08 13:00:41,21,23,14397,34013
2023-12-08 13:00:41,22,23,14397,34013
2023-12-08 13:00:42,21,23,14399,34015
2023-12-08 13:00:43,20,23,14399,34015
2023-12-08 13:00:44,20,24,14399,34015
2023-12-08 13:00:44,20,22,14399,34015
2023-12-08 13:00:44,20,22,14401,34017
2023-12-08 13:00:57,20,21,14401,34017
2023-12-08 13:01:14,20,22,14401,34019
2023-12-08 13:01:16,21,22,14401,34019
2023-12-08 13:01:17,21,23,14401,34021
2023-12-08 13:01:17,20,23,14403,34023
2023-12-08 13:01:20,21,23,14403,34023
2023-12-08 13:01:21,20,23,14405,34025
2023-12-08 13:01:25,23,24,14405,34056
2023-12-08 13:01:27,23,24,14407,34058
2023-12-08 13:01:36,21,24,14476,34127
2023-12-08 13:01:38,21,25,14476,34127
2023-12-08 13:01:43,21,24,14476,34127
2023-12-08 13:01:45,23,24,14476,34127
2023-12-08 13:01:46,23,25,14478,34129
2023-12-08 13:01:47,23,24,14478,34129
2023-12-08 13:01:50,21,24,14478,34129
2023-12-08 13:01:51,22,24,14478,34129
2023-12-08 13:01:52,23,24,14478,34129
2023-12-08 13:01:52,22,24,14480,34131
2023-12-08 13:01:53,21,24,14480,34131
2023-12-08 13:01:55,21,24,14482,34133
2023-12-08 13:02:02,22,24,14482,34133
2023-12-08 13:02:04,22,24,14484,34135
2023-12-08 13:02:06,22,24,14486,34137
2023-12-08 13:02:08,22,24,14488,34139
2023-12-08 13:02:14,22,23,14488,34139
2023-12-08 13:02:24,22,23,14490,34141
2023-12-08 13:02:27,22,24,14490,34143
2023-12-08 13:02:27,23,24,14490,34143
2023-12-08 13:02:28,22,24,14490,34143
2023-12-08 13:02:28,22,24,14492,34145
2023-12-08 13:02:34,22,25,14492,34147
2023-12-08 13:02:35,23,25,14492,34147
2023-12-08 13:02:36,23,25,14494,34149
2023-12-08 13:02:40,24,25,14494,34149
2023-12-08 13:02:40,24,27,14494,34151
2023-12-08 13:02:41,24,27,14496,34153
2023-12-08 13:02:43,23,27,14496,34153
2023-12-08 13:02:44,23,26,14496,34153
2023-12-08 13:02:57,23,26,14498,34155
2023-12-08 13:03:03,23,26,14500,34157
2023-12-08 13:03:07,23,25,14500,34157
2023-12-08 13:03:08,22,25,14500,34157
2023-12-08 13:03:10,21,25,14500,34157
2023-12-08 13:03:10,21,24,14500,34157
2023-12-08 13:03:14,21,25,14500,34157
2023-12-08 13:03:14,21,24,14500,34157
2023-12-08 13:03:14,21,23,14500,34157
2023-12-08 13:03:19,21,23,14502,34159
2023-12-08 13:03:22,21,25,14502,34159
2023-12-08 13:03:22,21,24,14502,34159
2023-12-08 13:03:24,21,23,14502,34159
2023-12-08 13:03:35,21,23,14504,34161
2023-12-08 13:03:40,21,23,14506,34163
2023-12-08 13:03:41,22,23,14506,34163
2023-12-08 13:03:42,21,23,14508,34165
2023-12-08 13:03:43,22,23,14508,34165
2023-12-08 13:03:45,21,23,14510,34167
2023-12-08 13:03:48,21,23,14512,34169
2023-12-08 13:03:51,21,23,14514,34171
2023-12-08 13:03:53,21,23,14516,34173
2023-12-08 13:03:56,21,23,14518,34175
2023-12-08 13:03:58,21,22,14518,34175
2023-12-08 13:03:58,21,22,14520,34177
2023-12-08 13:03:59,21,23,14520,34177
2023-12-08 13:04:00,21,23,14522,34179
2023-12-08 13:04:03,21,23,14524,34181
2023-12-08 13:04:05,21,23,14526,34183
2023-12-08 13:05:16,22,23,14526,34183
2023-12-08 13:05:17,22,24,14526,34185
2023-12-08 13:05:17,22,24,14528,34187
2023-12-08 13:05:25,21,24,14528,34187
2023-12-08 13:05:30,21,25,14528,34187
2023-12-08 13:05:30,21,23,14528,34187
2023-12-08 13:05:40,21,25,14528,34187
2023-12-08 13:05:40,21,24,14528,34187
2023-12-08 13:05:45,22,24,14528,34187
2023-12-08 13:05:46,22,24,14530,34189
2023-12-08 13:05:50,22,26,14530,34189
2023-12-08 13:05:50,22,25,14530,34189
2023-12-08 13:05:53,22,27,14530,34189
2023-12-08 13:05:53,23,27,14530,34189
2023-12-08 13:05:53,23,26,14530,34189
2023-12-08 13:05:54,23,26,14532,34191
2023-12-08 13:06:01,24,26,14532,34191
2023-12-08 13:06:01,24,27,14532,34193
2023-12-08 13:06:02,24,27,14534,34195
2023-12-08 13:06:21,25,27,14534,34195
2023-12-08 13:06:22,25,28,14534,34395
2023-12-08 13:06:22,25,28,14536,34397
2023-12-08 13:06:31,25,29,14536,34607
2023-12-08 13:06:31,26,29,14536,34607
2023-12-08 13:06:32,26,29,14538,34609
2023-12-08 13:06:40,27,29,14538,34609
2023-12-08 13:06:41,27,29,14540,34611
2023-12-08 13:06:44,27,28,14540,34611
2023-12-08 13:06:44,27,29,14540,34611
2023-12-08 13:06:45,26,29,14540,34611
2023-12-08 13:06:45,26,28,14540,34611
2023-12-08 13:06:57,26,29,14540,34611
2023-12-08 13:06:57,25,29,14540,34611
2023-12-08 13:06:57,25,27,14540,34611
2023-12-08 13:06:58,26,27,14540,34611
2023-12-08 13:06:58,25,27,14542,34613
2023-12-08 13:07:00,25,27,14544,34615
2023-12-08 13:07:10,25,27,14546,34617
2023-12-08 13:07:13,25,27,14548,34619
2023-12-08 13:07:22,25,26,14548,34619
2023-12-08 13:07:23,25,26,14550,34621
2023-12-08 13:07:25,24,26,14552,34623
2023-12-08 13:07:33,24,27,14552,34623
2023-12-08 13:07:33,24,25,14552,34623
2023-12-08 13:07:48,24,26,14570,34643
2023-12-08 13:07:55,24,25,14570,34643
2023-12-08 13:08:02,24,26,14570,34643
2023-12-08 13:08:08,24,25,14570,34643
2023-12-08 13:08:09,24,26,14570,34643
2023-12-08 13:08:15,24,25,14570,34643
2023-12-08 13:08:16,23,25,14572,34645
2023-12-08 13:08:17,23,26,14572,34645
2023-12-08 13:08:32,23,25,14572,34645
2023-12-08 13:08:34,23,26,14572,34645
2023-12-08 13:08:34,23,25,14572,34645
2023-12-08 13:08:34,23,25,14574,34647
2023-12-08 13:08:36,23,26,14574,34647
2023-12-08 13:08:36,23,25,14574,34647
2023-12-08 13:08:37,23,25,14576,34649
2023-12-08 13:08:39,23,25,14578,34651
2023-12-08 13:08:41,23,26,14578,34651
2023-12-08 13:08:41,23,25,14578,34651
2023-12-08 13:08:44,23,25,14580,34653
2023-12-08 13:08:46,23,26,14580,34653
2023-12-08 13:08:46,23,25,14580,34653
2023-12-08 13:08:47,23,25,14582,34655
2023-12-08 13:08:49,24,25,14582,34655
2023-12-08 13:08:50,24,25,14584,34657
2023-12-08 13:08:52,24,25,14586,34659
2023-12-08 13:08:53,23,25,14586,34659
2023-12-08 13:08:58,23,25,14588,34661
2023-12-08 13:09:03,23,26,14588,34661
2023-12-08 13:09:03,23,25,14588,34661
2023-12-08 13:09:04,23,25,14590,34663
2023-12-08 13:09:06,22,25,14592,34665
2023-12-08 13:09:09,22,25,14594,34667
2023-12-08 13:09:26,22,25,14596,34669
2023-12-08 13:09:27,22,24,14596,34669
2023-12-08 13:09:28,22,25,14596,34669
2023-12-08 13:09:28,22,24,14596,34669
2023-12-08 13:09:35,22,25,14596,34669
2023-12-08 13:09:36,22,24,14596,34669
2023-12-08 13:09:41,22,25,14596,34669
2023-12-08 13:09:41,22,24,14596,34669
2023-12-08 13:09:45,22,25,14596,34669
2023-12-08 13:09:47,22,25,14598,34671
2023-12-08 13:09:48,23,25,14598,34671
2023-12-08 13:09:48,23,24,14598,34671
2023-12-08 13:09:50,22,24,14600,34673
2023-12-08 13:09:52,22,24,14602,34675
2023-12-08 13:09:53,23,24,14602,34675
2023-12-08 13:09:54,22,24,14604,34677
2023-12-08 13:09:55,23,24,14604,34677
2023-12-08 13:09:55,23,25,14604,34677
2023-12-08 13:09:56,22,25,14606,34679
2023-12-08 13:09:57,23,25,14606,34679
2023-12-08 13:09:59,23,25,14608,34681
2023-12-08 13:10:01,23,25,14610,34683
