datetime,bid,ask,open_interest,volume
2023-09-07 09:31:00,28,32,24,24
2023-09-07 09:31:00,30,31,24,24
2023-09-07 09:31:00,30,32,24,24
2023-09-07 09:31:02,30,32,120,120
2023-09-07 09:32:46,30,31,120,120
2023-09-07 09:32:59,29,31,120,120
2023-09-07 09:35:57,29,30,120,120
2023-09-07 09:35:58,29,31,120,120
2023-09-07 09:38:14,29,32,120,120
2023-09-07 09:38:21,29,31,120,120
2023-09-07 09:38:23,29,32,120,120
2023-09-07 09:38:34,29,31,120,120
2023-09-07 09:38:36,29,32,120,120
2023-09-07 09:38:37,29,31,120,120
2023-09-07 09:38:39,29,32,120,120
2023-09-07 09:38:40,29,31,120,120
2023-09-07 09:38:41,29,32,120,120
2023-09-07 09:38:44,29,31,120,120
2023-09-07 09:38:53,29,32,120,120
2023-09-07 09:38:54,29,31,120,120
2023-09-07 09:39:29,29,30,120,120
2023-09-07 09:39:31,29,31,120,120
2023-09-07 09:39:31,28,31,216,216
2023-09-07 09:39:32,28,30,216,216
2023-09-07 09:39:32,28,31,216,216
2023-09-07 09:39:51,29,31,216,216
2023-09-07 09:39:53,28,31,216,216
2023-09-07 09:39:54,29,31,216,216
2023-09-07 09:40:24,28,31,216,216
2023-09-07 09:40:31,29,31,216,216
2023-09-07 09:40:32,28,31,216,216
2023-09-07 09:40:37,28,29,216,216
2023-09-07 09:40:39,28,29,416,416
2023-09-07 09:40:40,28,29,616,616
2023-09-07 09:40:41,28,29,1016,1016
2023-09-07 09:41:04,28,30,1216,1216
2023-09-07 09:41:31,28,29,1216,1216
2023-09-07 09:41:33,28,30,1216,1216
2023-09-07 09:41:35,28,29,1216,1216
2023-09-07 09:41:51,27,29,1216,1216
2023-09-07 09:42:18,27,30,1216,1216
2023-09-07 09:42:21,27,29,1216,1216
2023-09-07 09:42:37,27,28,1216,1216
2023-09-07 09:42:37,26,28,1216,1216
2023-09-07 09:43:00,26,29,1216,1216
2023-09-07 09:43:00,27,29,1216,1216
2023-09-07 09:43:04,27,30,1216,1216
2023-09-07 09:43:06,28,30,1216,1216
2023-09-07 09:44:35,27,30,1216,1216
2023-09-07 09:44:35,27,29,1216,1216
2023-09-07 09:45:00,27,30,1216,1216
2023-09-07 09:45:06,28,30,1216,1216
2023-09-07 09:45:09,27,30,1216,1216
2023-09-07 09:45:10,27,29,1216,1216
2023-09-07 09:45:12,27,30,1216,1216
2023-09-07 09:45:20,28,30,1216,1216
2023-09-07 09:45:59,28,31,1216,1216
2023-09-07 09:46:01,29,31,1216,1216
2023-09-07 09:46:06,29,30,1216,1216
2023-09-07 09:46:07,28,30,1216,1216
2023-09-07 09:46:14,27,28,1816,1816
2023-09-07 09:46:17,27,29,1816,1816
2023-09-07 09:46:18,27,28,1816,1816
2023-09-07 09:46:35,26,28,1816,1816
2023-09-07 09:47:08,27,28,1816,1816
2023-09-07 09:47:08,27,29,1816,1816
2023-09-07 09:47:44,28,29,1816,1816
2023-09-07 09:47:45,28,30,1816,1816
2023-09-07 09:47:58,29,30,1816,1816
2023-09-07 09:48:06,28,30,1816,1816
2023-09-07 09:48:06,28,29,1816,1816
2023-09-07 09:48:26,28,30,1816,1816
2023-09-07 09:49:54,28,31,1816,1816
2023-09-07 09:49:56,29,31,1816,1816
2023-09-07 09:50:22,29,31,1816,2149
2023-09-07 09:50:24,29,30,1816,2149
2023-09-07 09:50:25,28,30,1816,2149
2023-09-07 09:50:31,28,29,1816,2149
2023-09-07 09:50:39,28,30,1816,2149
2023-09-07 09:50:45,29,30,1816,2149
2023-09-07 09:51:05,29,31,1816,2149
2023-09-07 09:51:22,29,30,1816,2149
2023-09-07 09:52:18,29,31,1816,2149
2023-09-07 09:52:40,30,31,1816,2149
2023-09-07 09:52:50,30,32,1816,2149
2023-09-07 09:52:51,30,31,1816,2149
2023-09-07 09:53:07,30,31,1816,2349
2023-09-07 09:53:07,30,32,1816,2349
2023-09-07 09:53:40,31,32,1816,2349
2023-09-07 09:54:08,31,33,1826,2359
2023-09-07 09:55:44,31,32,1826,2359
2023-09-07 09:56:10,30,32,2426,2959
2023-09-07 09:56:16,31,32,2426,2959
2023-09-07 09:56:24,31,33,2426,3159
2023-09-07 09:56:45,30,33,2426,3159
2023-09-07 09:56:46,31,33,2426,3159
2023-09-07 09:57:27,31,33,2470,3203
2023-09-07 09:58:52,31,32,2470,3203
2023-09-07 09:58:56,30,32,2470,3203
2023-09-07 09:59:42,30,33,2470,3247
2023-09-07 10:00:07,31,33,2470,3247
2023-09-07 10:00:09,30,33,2470,3247
2023-09-07 10:00:19,30,32,2470,3247
2023-09-07 10:00:26,30,33,2470,3247
2023-09-07 10:00:44,32,33,2470,3247
2023-09-07 10:04:19,32,34,2782,4359
2023-09-07 10:08:42,32,34,3782,5359
2023-09-07 10:10:18,32,33,3782,5359
2023-09-07 10:10:31,31,33,3782,5359
2023-09-07 10:10:36,31,32,3782,5359
2023-09-07 10:10:37,31,33,3782,5359
2023-09-07 10:10:57,31,32,3782,5359
2023-09-07 10:10:58,30,32,3782,5359
2023-09-07 10:11:02,30,31,3782,5359
2023-09-07 10:11:12,29,31,3782,5359
2023-09-07 10:11:12,30,31,3782,5359
2023-09-07 10:11:16,29,31,3782,5359
2023-09-07 10:11:32,29,32,3782,5359
2023-09-07 10:11:34,30,32,3782,5359
2023-09-07 10:11:50,30,33,3782,5359
2023-09-07 10:11:57,30,32,3782,5359
2023-09-07 10:12:07,30,32,3782,5369
2023-09-07 10:12:18,30,31,3782,5369
2023-09-07 10:12:19,29,31,3782,5369
2023-09-07 10:12:31,29,32,3782,5369
2023-09-07 10:13:25,30,32,3782,5369
2023-09-07 10:13:26,30,33,3782,5369
2023-09-07 10:13:59,30,32,3782,5369
2023-09-07 10:14:00,30,33,3782,5369
2023-09-07 10:14:01,30,32,3782,5369
2023-09-07 10:14:02,30,33,3782,5369
2023-09-07 10:14:04,31,33,3782,5369
2023-09-07 10:14:15,31,34,3782,5369
2023-09-07 10:14:15,31,33,3782,5369
2023-09-07 10:14:16,31,34,3782,5369
2023-09-07 10:14:21,31,33,3782,5369
2023-09-07 10:14:40,31,32,3782,5369
2023-09-07 10:14:40,30,32,3782,5369
2023-09-07 10:14:42,30,33,3782,5369
2023-09-07 10:14:43,30,32,3782,5369
2023-09-07 10:15:02,30,33,3782,5369
2023-09-07 10:15:03,30,32,3782,5369
2023-09-07 10:15:18,30,33,3782,5369
2023-09-07 10:15:23,30,32,3782,5369
2023-09-07 10:15:26,30,33,3782,5369
2023-09-07 10:15:28,31,33,3782,5369
2023-09-07 10:15:30,30,33,3782,5369
2023-09-07 10:15:31,30,32,3782,5369
2023-09-07 10:15:37,30,31,3782,5369
2023-09-07 10:15:40,30,32,3782,5369
2023-09-07 10:15:45,30,31,3782,5369
2023-09-07 10:15:47,29,31,3782,5369
2023-09-07 10:15:51,29,32,3782,5369
2023-09-07 10:15:52,29,31,3782,5369
2023-09-07 10:15:53,29,32,3782,5369
2023-09-07 10:15:56,30,32,3782,5369
2023-09-07 10:16:45,30,33,3782,5369
2023-09-07 10:16:50,31,33,3782,5369
2023-09-07 10:16:58,31,32,3782,5369
2023-09-07 10:16:59,30,32,3782,5369
2023-09-07 10:17:00,30,33,3782,5369
2023-09-07 10:17:00,31,33,3782,5369
2023-09-07 10:17:03,30,33,3782,5369
2023-09-07 10:17:03,30,32,3782,5369
2023-09-07 10:17:05,30,33,3782,5369
2023-09-07 10:17:05,31,33,3782,5369
2023-09-07 10:17:11,31,32,3782,5369
2023-09-07 10:17:12,30,32,3782,5369
2023-09-07 10:17:39,30,33,3782,5369
2023-09-07 10:17:40,31,33,3782,5369
2023-09-07 10:17:41,31,32,3782,5369
2023-09-07 10:17:42,30,32,3782,5369
2023-09-07 10:17:46,31,32,3782,5369
2023-09-07 10:17:48,30,32,3782,5369
2023-09-07 10:17:55,30,33,3782,5369
2023-09-07 10:17:57,31,33,3782,5369
2023-09-07 10:18:21,32,33,3782,5369
2023-09-07 10:18:24,32,34,3782,5369
2023-09-07 10:18:28,31,34,3782,5369
2023-09-07 10:18:29,31,33,3782,5369
2023-09-07 10:18:35,31,34,3782,5369
2023-09-07 10:18:51,32,34,3782,5369
2023-09-07 10:20:00,32,33,3782,5369
2023-09-07 10:20:01,31,33,3782,5369
2023-09-07 10:20:15,31,32,3782,5369
2023-09-07 10:20:17,31,33,3782,5369
2023-09-07 10:20:23,31,32,3782,5369
2023-09-07 10:20:23,30,32,3782,5369
2023-09-07 10:20:55,30,31,3782,5369
2023-09-07 10:20:56,29,31,3782,5369
2023-09-07 10:21:04,29,30,3782,5369
2023-09-07 10:21:07,28,30,3782,5369
2023-09-07 10:21:34,28,30,4032,5619
2023-09-07 10:21:55,27,30,4032,5619
2023-09-07 10:21:57,27,28,4032,5619
2023-09-07 10:22:28,27,30,4232,5819
2023-09-07 10:22:29,28,30,4232,5819
2023-09-07 10:22:33,28,31,4232,5819
2023-09-07 10:22:37,29,31,4232,5819
2023-09-07 10:22:41,29,32,4232,5819
2023-09-07 10:22:45,30,32,4232,5819
2023-09-07 10:22:48,29,32,4232,5819
2023-09-07 10:22:56,30,32,4232,5819
2023-09-07 10:23:00,29,32,4232,5819
2023-09-07 10:23:01,30,32,4232,5819
2023-09-07 10:23:08,29,32,4232,5819
2023-09-07 10:23:09,30,32,4232,5819
2023-09-07 10:23:13,31,32,4232,5819
2023-09-07 10:23:14,30,32,4232,5819
2023-09-07 10:23:15,31,32,4232,5819
2023-09-07 10:23:16,29,32,4232,5819
2023-09-07 10:23:18,30,32,4232,5819
2023-09-07 10:23:19,31,32,4232,5819
2023-09-07 10:23:23,30,32,4232,5819
2023-09-07 10:23:33,30,33,4232,5819
2023-09-07 10:23:34,31,33,4232,5819
2023-09-07 10:23:35,30,33,4232,5819
2023-09-07 10:23:41,31,33,4232,5819
2023-09-07 10:23:45,31,32,4232,5819
2023-09-07 10:28:24,30,32,4232,5819
2023-09-07 10:28:36,31,32,4232,5819
2023-09-07 10:28:38,30,32,4232,5819
2023-09-07 10:28:39,31,32,4232,5819
2023-09-07 10:29:47,32,33,4382,5969
2023-09-07 10:29:47,32,34,4382,5969
2023-09-07 10:30:09,32,33,4382,5969
2023-09-07 10:30:51,32,34,4382,5969
2023-09-07 10:30:55,33,34,4382,5969
2023-09-07 10:30:56,32,34,4382,5969
2023-09-07 10:31:00,33,34,4382,5969
2023-09-07 10:31:06,33,35,4382,5969
2023-09-07 10:31:30,34,35,4382,5969
2023-09-07 10:32:32,34,36,4382,5969
2023-09-07 10:32:37,35,36,4382,5969
2023-09-07 10:36:05,34,36,4382,5969
2023-09-07 10:36:05,34,35,4382,5969
2023-09-07 10:36:55,33,35,4382,5969
2023-09-07 10:36:55,33,34,4382,5969
2023-09-07 10:37:05,32,34,4382,5969
2023-09-07 10:37:06,32,33,4382,5969
2023-09-07 10:37:06,32,33,4382,6136
2023-09-07 10:37:08,31,33,4382,6136
2023-09-07 10:37:09,32,33,4382,6136
2023-09-07 10:37:09,31,32,4382,6308
2023-09-07 10:37:13,30,32,4382,6308
2023-09-07 10:37:18,31,32,4382,6308
2023-09-07 10:37:19,30,32,4382,6308
2023-09-07 10:37:21,31,32,4382,6308
2023-09-07 10:37:32,30,32,4382,6308
2023-09-07 10:37:35,31,32,4382,6308
2023-09-07 10:37:36,30,32,4382,6308
2023-09-07 10:37:41,30,31,4382,6308
2023-09-07 10:37:56,30,32,4382,6308
2023-09-07 10:38:01,31,32,4382,6308
2023-09-07 10:38:06,30,32,4382,6308
2023-09-07 10:38:07,31,32,4382,6308
2023-09-07 10:38:12,30,32,4382,6308
2023-09-07 10:38:16,30,31,4382,6308
2023-09-07 10:38:25,29,31,4382,6308
2023-09-07 10:38:46,29,30,4382,6308
2023-09-07 10:39:02,28,30,4382,6308
2023-09-07 10:39:09,29,30,4382,6308
2023-09-07 10:39:28,29,30,4382,6308
2023-09-07 10:39:28,28,30,4382,6308
2023-09-07 10:40:13,28,29,4382,6308
2023-09-07 10:40:25,27,29,4382,6308
2023-09-07 10:40:26,27,28,4382,6308
2023-09-07 10:40:30,27,28,4382,6508
2023-09-07 10:40:30,26,28,4382,6508
2023-09-07 10:40:46,26,27,4382,6508
2023-09-07 10:40:46,25,27,4382,6508
2023-09-07 10:40:46,26,27,4382,6508
2023-09-07 10:40:52,26,27,4382,6708
2023-09-07 10:40:52,26,27,4382,6908
2023-09-07 10:40:52,25,27,4382,6908
2023-09-07 10:40:53,25,26,4382,6908
2023-09-07 10:40:58,25,27,4382,6908
2023-09-07 10:41:35,25,26,4382,6908
2023-09-07 10:41:38,24,26,4382,6908
2023-09-07 10:41:41,24,25,4382,6908
2023-09-07 10:41:42,24,26,4382,6908
2023-09-07 10:41:43,24,25,4382,6908
2023-09-07 10:41:44,23,25,4382,6908
2023-09-07 10:41:51,23,24,4382,6908
2023-09-07 10:41:51,22,24,4382,6908
2023-09-07 10:41:52,22,23,4382,6908
2023-09-07 10:41:53,22,24,4382,6908
2023-09-07 10:42:01,22,23,4382,6908
2023-09-07 10:42:06,22,24,4382,6908
2023-09-07 10:42:42,22,23,4382,6908
2023-09-07 10:42:48,21,23,4382,6908
2023-09-07 10:43:11,20,23,4382,6908
2023-09-07 10:43:13,20,22,4382,6908
2023-09-07 10:43:14,20,21,4382,6908
2023-09-07 10:43:14,20,21,4382,7158
2023-09-07 10:43:14,19,21,4382,7158
2023-09-07 10:43:15,19,21,4382,7408
2023-09-07 10:43:47,19,22,4382,7436
2023-09-07 10:43:55,21,22,4382,7436
2023-09-07 10:44:02,21,23,4382,7436
2023-09-07 10:44:10,21,22,4382,7436
2023-09-07 10:44:51,21,23,4382,7436
2023-09-07 10:44:52,21,22,4382,7436
2023-09-07 10:45:04,22,23,3866,7952
2023-09-07 10:45:07,22,23,3843,8152
2023-09-07 10:45:07,22,23,3643,8352
2023-09-07 10:45:19,22,23,3643,8552
2023-09-07 10:45:21,21,23,3643,8636
2023-09-07 10:45:23,21,22,3643,8636
2023-09-07 10:45:30,20,22,3715,8708
2023-09-07 10:45:33,20,22,3915,8908
2023-09-07 10:45:33,19,22,3915,8908
2023-09-07 10:45:33,19,21,3915,8908
2023-09-07 10:45:59,19,22,3915,8908
2023-09-07 10:45:59,19,20,3915,8908
2023-09-07 10:46:07,19,20,4115,9108
2023-09-07 10:46:08,18,20,4215,9208
2023-09-07 10:46:11,18,19,4215,9208
2023-09-07 10:46:14,18,20,4215,9208
2023-09-07 10:46:17,19,20,4215,9208
2023-09-07 10:46:18,19,22,4215,9208
2023-09-07 10:46:18,19,21,4215,9208
2023-09-07 10:46:30,20,21,4215,9208
2023-09-07 10:46:36,19,21,4215,9208
2023-09-07 10:46:47,20,21,4215,9208
2023-09-07 10:46:54,19,21,4215,9208
2023-09-07 10:46:57,21,22,4165,9433
2023-09-07 10:47:01,19,22,4165,9433
2023-09-07 10:47:02,19,21,4165,9433
2023-09-07 10:47:13,19,22,4165,9433
2023-09-07 10:47:14,19,21,4165,9433
2023-09-07 10:47:18,19,21,4265,9533
2023-09-07 10:47:19,20,21,4265,9533
2023-09-07 10:47:36,18,21,4265,9533
2023-09-07 10:47:38,18,20,4265,9533
2023-09-07 10:47:39,18,21,4265,9533
2023-09-07 10:47:39,19,21,4265,9533
2023-09-07 10:47:46,19,20,4265,9533
2023-09-07 10:47:54,19,21,4265,9533
2023-09-07 10:48:07,21,22,4265,9562
2023-09-07 10:48:11,21,22,4265,9762
2023-09-07 10:48:12,21,22,4265,9962
2023-09-07 10:48:13,21,22,4265,10162
2023-09-07 10:48:23,19,21,4119,10308
2023-09-07 10:48:24,19,22,4119,10308
2023-09-07 10:48:48,19,23,4119,10308
2023-09-07 10:48:48,20,23,4119,10308
2023-09-07 10:49:22,20,24,4119,10308
2023-09-07 10:49:22,21,24,4119,10308
2023-09-07 10:49:53,22,24,4119,10308
2023-09-07 10:49:59,22,25,4119,10308
2023-09-07 10:50:39,22,26,4119,10308
2023-09-07 10:50:39,23,26,4119,10308
2023-09-07 10:51:11,24,26,4119,10308
2023-09-07 10:51:15,23,26,4119,10308
2023-09-07 10:51:19,24,26,4119,10308
2023-09-07 10:51:23,24,27,4119,10308
2023-09-07 10:51:24,24,26,4119,10308
2023-09-07 10:51:36,24,27,4119,10308
2023-09-07 10:51:51,25,27,4119,10308
2023-09-07 10:53:19,26,27,4119,10308
2023-09-07 10:53:23,26,27,4119,10508
2023-09-07 10:53:32,26,27,4119,10708
2023-09-07 10:53:34,26,29,4119,10908
2023-09-07 10:53:34,27,29,4119,10908
2023-09-07 10:53:44,26,29,4119,10908
2023-09-07 10:53:49,26,28,4119,10908
2023-09-07 10:54:09,26,29,4119,10908
2023-09-07 10:54:35,27,29,4119,10908
2023-09-07 10:55:21,26,29,4119,10908
2023-09-07 10:56:05,27,29,4119,10908
2023-09-07 10:56:13,27,30,4119,10908
2023-09-07 10:56:14,28,30,4119,10908
2023-09-07 10:57:41,29,30,4119,10908
2023-09-07 10:57:46,29,31,4119,10908
2023-09-07 10:58:11,28,31,4119,10908
2023-09-07 10:58:30,28,30,4119,10908
2023-09-07 10:59:15,27,30,4119,10908
2023-09-07 10:59:16,27,29,4119,10908
2023-09-07 10:59:17,26,29,4119,10908
2023-09-07 10:59:31,27,29,4119,10908
2023-09-07 10:59:31,27,29,4119,10918
2023-09-07 10:59:45,28,29,4119,10918
2023-09-07 10:59:45,28,30,4119,10918
2023-09-07 10:59:55,29,30,4119,10918
2023-09-07 10:59:55,29,31,4119,10918
2023-09-07 10:59:58,29,30,4119,10918
2023-09-07 11:00:03,28,30,4119,10918
2023-09-07 11:00:04,27,30,4119,10918
2023-09-07 11:00:04,27,29,4119,10918
2023-09-07 11:00:09,28,29,4119,10918
2023-09-07 11:00:10,27,29,4119,10918
2023-09-07 11:00:28,26,29,4119,10918
2023-09-07 11:00:28,26,28,4119,10918
2023-09-07 11:00:44,27,28,4119,10918
2023-09-07 11:00:45,28,29,4109,10928
2023-09-07 11:00:47,28,30,4109,10928
2023-09-07 11:00:54,28,29,4109,10928
2023-09-07 11:00:57,28,30,4109,10928
2023-09-07 11:00:58,28,29,4109,10928
2023-09-07 11:01:29,28,29,3909,11128
2023-09-07 11:01:29,26,29,3909,11128
2023-09-07 11:01:36,26,28,3909,11128
2023-09-07 11:02:02,25,28,3909,11128
2023-09-07 11:02:04,25,27,3909,11128
2023-09-07 11:02:19,24,27,3909,11128
2023-09-07 11:02:25,24,26,3909,11128
2023-09-07 11:02:27,24,27,3909,11128
2023-09-07 11:02:29,24,26,3909,11128
2023-09-07 11:02:30,24,27,3909,11128
2023-09-07 11:02:33,25,27,3909,11128
2023-09-07 11:02:36,24,27,3909,11128
2023-09-07 11:02:52,25,27,3909,11128
2023-09-07 11:02:54,25,28,3909,11128
2023-09-07 11:03:02,26,28,3909,11128
2023-09-07 11:03:03,26,29,3909,11128
2023-09-07 11:03:05,28,29,3909,11128
2023-09-07 11:03:09,28,29,3709,11328
2023-09-07 11:03:10,26,29,3709,11328
2023-09-07 11:03:14,26,28,3709,11328
2023-09-07 11:03:15,26,29,3709,11328
2023-09-07 11:03:18,26,28,3709,11328
2023-09-07 11:03:18,25,28,3709,11328
2023-09-07 11:03:31,25,27,3709,11328
2023-09-07 11:03:34,25,28,3709,11328
2023-09-07 11:03:38,25,27,3709,11328
2023-09-07 11:03:45,24,27,3709,11328
2023-09-07 11:03:50,25,27,3709,11328
2023-09-07 11:04:07,24,27,3709,11328
2023-09-07 11:04:13,24,28,3709,11328
2023-09-07 11:04:13,25,28,3709,11328
2023-09-07 11:04:34,25,27,3709,11328
2023-09-07 11:04:53,25,28,3709,11328
2023-09-07 11:05:05,26,28,3709,11328
2023-09-07 11:05:10,25,28,3709,11328
2023-09-07 11:05:13,25,26,3709,11328
2023-09-07 11:05:13,24,26,3709,11328
2023-09-07 11:05:29,24,25,3709,11328
2023-09-07 11:05:39,23,25,3709,11328
2023-09-07 11:05:40,23,24,3709,11328
2023-09-07 11:05:47,23,25,4214,11833
2023-09-07 11:05:48,23,25,4214,11833
2023-09-07 11:06:22,24,25,4214,11833
2023-09-07 11:06:23,24,28,4214,11833
2023-09-07 11:06:23,24,26,4214,11833
2023-09-07 11:06:34,23,26,4214,11833
2023-09-07 11:06:35,23,25,4214,11833
2023-09-07 11:06:41,24,25,4214,11833
2023-09-07 11:06:42,23,25,4214,11833
2023-09-07 11:06:56,24,25,4214,11833
2023-09-07 11:06:56,24,27,4214,11833
2023-09-07 11:06:56,24,26,4214,11833
2023-09-07 11:07:01,24,27,3814,12233
2023-09-07 11:07:02,24,28,3814,12233
2023-09-07 11:07:02,25,28,3814,12233
2023-09-07 11:07:03,25,29,3814,12233
2023-09-07 11:07:07,26,29,3814,12233
2023-09-07 11:07:10,26,30,3814,12233
2023-09-07 11:07:14,26,29,3814,12233
2023-09-07 11:07:20,26,30,3814,12233
2023-09-07 11:07:21,26,29,3814,12233
2023-09-07 11:07:54,26,29,3624,12423
2023-09-07 11:07:55,26,30,3624,12423
2023-09-07 11:07:58,26,29,3624,12423
2023-09-07 11:07:59,26,30,3624,12423
2023-09-07 11:08:04,26,29,3624,12423
2023-09-07 11:08:09,26,30,3624,12423
2023-09-07 11:08:10,26,30,3748,12547
2023-09-07 11:08:10,26,28,3748,12547
2023-09-07 11:08:36,26,29,3748,12547
2023-09-07 11:08:36,26,27,3748,12547
2023-09-07 11:08:43,25,27,3748,12547
2023-09-07 11:08:55,25,28,3748,12547
2023-09-07 11:08:55,25,26,3748,12547
2023-09-07 11:09:02,24,26,3748,12547
2023-09-07 11:09:10,25,26,3748,12547
2023-09-07 11:09:21,25,28,3748,12547
2023-09-07 11:09:21,25,27,3748,12547
2023-09-07 11:09:24,26,27,3748,12547
2023-09-07 11:09:25,25,27,3748,12547
2023-09-07 11:09:26,26,27,3748,12547
2023-09-07 11:10:16,25,27,3748,12547
2023-09-07 11:10:23,25,28,3748,12547
2023-09-07 11:10:23,25,26,3748,12547
2023-09-07 11:10:25,24,26,3748,12547
2023-09-07 11:10:26,25,26,3748,12547
2023-09-07 11:10:27,24,26,3748,12547
2023-09-07 11:10:29,24,27,3748,12547
2023-09-07 11:10:29,24,25,3748,12547
2023-09-07 11:10:34,24,28,3748,12547
2023-09-07 11:10:34,24,26,3748,12547
2023-09-07 11:10:36,25,26,3748,12547
2023-09-07 11:10:39,24,26,3748,12547
2023-09-07 11:10:43,25,26,3748,12547
2023-09-07 11:10:44,24,26,3748,12547
2023-09-07 11:10:48,25,26,3748,12547
2023-09-07 11:10:51,25,28,3748,12547
2023-09-07 11:10:51,25,27,3748,12547
2023-09-07 11:11:00,25,28,3748,12547
2023-09-07 11:11:00,25,26,3748,12547
2023-09-07 11:11:05,24,26,3748,12547
2023-09-07 11:11:07,25,26,3748,12547
2023-09-07 11:11:18,24,26,3748,12547
2023-09-07 11:11:25,25,26,3748,12547
2023-09-07 11:11:26,26,29,3748,12671
2023-09-07 11:11:27,25,29,3748,12671
2023-09-07 11:11:27,25,28,3748,12671
2023-09-07 11:11:29,25,29,3748,12671
2023-09-07 11:11:29,26,29,3748,12671
2023-09-07 11:11:35,26,28,3748,12671
2023-09-07 11:11:35,25,28,3748,12671
2023-09-07 11:11:50,25,27,3748,12671
2023-09-07 11:11:54,24,27,3748,12671
2023-09-07 11:12:02,24,28,3748,12671
2023-09-07 11:12:04,25,28,3748,12671
2023-09-07 11:12:05,24,28,3748,12671
2023-09-07 11:12:05,24,27,3748,12671
2023-09-07 11:12:08,24,28,3748,12671
2023-09-07 11:12:09,24,27,3748,12671
2023-09-07 11:12:11,24,28,3748,12671
2023-09-07 11:12:12,24,27,3748,12671
2023-09-07 11:12:18,24,26,3748,12671
2023-09-07 11:12:18,23,26,3748,12671
2023-09-07 11:12:20,23,27,3748,12671
2023-09-07 11:12:20,23,26,3748,12671
2023-09-07 11:12:36,23,25,3748,12671
2023-09-07 11:13:14,22,25,3748,12671
2023-09-07 11:13:20,22,24,3748,12671
2023-09-07 11:13:24,22,25,3748,12671
2023-09-07 11:13:42,23,25,3748,12671
2023-09-07 11:13:53,23,26,3748,12671
2023-09-07 11:13:58,23,25,3748,12671
2023-09-07 11:13:59,23,26,3748,12671
2023-09-07 11:14:01,23,27,3748,12671
2023-09-07 11:14:01,24,27,3748,12671
2023-09-07 11:14:02,25,27,3748,12671
2023-09-07 11:14:04,25,28,3748,12671
2023-09-07 11:14:10,26,28,3748,12671
2023-09-07 11:14:28,26,29,3748,12671
2023-09-07 11:14:38,26,28,3748,12671
2023-09-07 11:14:39,26,29,3748,12671
2023-09-07 11:14:50,26,28,3748,12671
2023-09-07 11:14:51,26,29,3748,12671
2023-09-07 11:14:53,26,28,3748,12671
2023-09-07 11:15:03,25,28,3748,12671
2023-09-07 11:15:08,25,27,3748,12671
2023-09-07 11:15:12,24,27,3748,12671
2023-09-07 11:15:27,24,26,3748,12671
2023-09-07 11:15:29,23,26,3748,12671
2023-09-07 11:15:31,23,25,3748,12671
2023-09-07 11:15:53,22,25,3748,12671
2023-09-07 11:16:02,23,25,3748,12671
2023-09-07 11:16:12,22,25,3748,12671
2023-09-07 11:16:23,23,25,3748,12671
2023-09-07 11:16:42,23,24,3748,12671
2023-09-07 11:16:42,22,24,3748,12671
2023-09-07 11:16:44,22,25,3748,12671
2023-09-07 11:16:44,23,25,3748,12671
2023-09-07 11:17:02,23,24,3748,12671
2023-09-07 11:17:02,22,24,3748,12671
2023-09-07 11:17:19,21,24,3748,12671
2023-09-07 11:17:21,21,23,3748,12671
2023-09-07 11:17:49,21,24,3748,12671
2023-09-07 11:17:49,22,24,3748,12671
2023-09-07 11:18:05,22,25,3748,12671
2023-09-07 11:18:07,22,26,3748,12671
2023-09-07 11:18:07,23,26,3748,12671
2023-09-07 11:18:09,23,27,3748,12671
2023-09-07 11:18:09,24,27,3748,12671
2023-09-07 11:18:16,24,28,3748,12671
2023-09-07 11:18:16,25,28,3748,12671
2023-09-07 11:18:28,25,27,3748,12671
2023-09-07 11:18:31,24,27,3748,12671
2023-09-07 11:18:35,25,27,3748,12671
2023-09-07 11:19:08,25,28,3748,12671
2023-09-07 11:19:13,26,28,3748,12671
2023-09-07 11:19:27,26,29,3748,12671
2023-09-07 11:19:48,26,28,3748,12671
2023-09-07 11:19:57,25,28,3748,12671
2023-09-07 11:20:10,25,27,3748,12671
2023-09-07 11:20:14,25,28,3748,12671
2023-09-07 11:20:26,25,27,3748,12671
2023-09-07 11:20:27,25,28,3748,12671
2023-09-07 11:20:31,25,27,3748,12671
2023-09-07 11:20:36,24,27,3748,12671
2023-09-07 11:21:00,25,27,3748,12671
2023-09-07 11:21:01,25,28,3748,12671
2023-09-07 11:21:13,26,28,3748,12671
2023-09-07 11:21:28,26,29,3748,12671
2023-09-07 11:21:38,27,29,3748,12671
2023-09-07 11:21:42,26,29,3748,12671
2023-09-07 11:21:46,27,29,3748,12671
2023-09-07 11:21:47,27,30,3748,12671
2023-09-07 11:21:52,27,31,3748,12671
2023-09-07 11:21:52,28,31,3748,12671
2023-09-07 11:21:56,29,31,3748,12671
2023-09-07 11:22:09,29,31,3748,12672
2023-09-07 11:22:12,29,31,3748,12673
2023-09-07 11:22:27,29,32,3748,12673
2023-09-07 11:22:27,30,32,3748,12673
2023-09-07 11:22:34,30,32,3748,12674
2023-09-07 11:22:38,30,32,3748,12675
2023-09-07 11:22:52,30,32,3748,12676
2023-09-07 11:22:56,30,32,3748,12677
2023-09-07 11:22:57,30,32,3748,12678
2023-09-07 11:22:59,30,32,3748,12679
2023-09-07 11:23:55,30,33,3748,12679
2023-09-07 11:23:55,31,33,3748,12679
2023-09-07 11:24:01,31,33,3748,12680
2023-09-07 11:24:19,32,33,3748,12680
2023-09-07 11:24:20,32,34,3748,12680
2023-09-07 11:24:39,31,34,3748,12680
2023-09-07 11:24:56,31,34,3748,12681
2023-09-07 11:25:08,31,34,3748,12682
2023-09-07 11:25:09,31,33,3748,12682
2023-09-07 11:25:10,31,34,3748,12682
2023-09-07 11:25:19,31,34,3748,12683
2023-09-07 11:25:22,31,33,3748,12683
2023-09-07 11:25:31,31,34,3748,12683
2023-09-07 11:26:14,31,33,3748,12683
2023-09-07 11:26:15,31,34,3748,12683
2023-09-07 11:26:15,31,33,3748,12683
2023-09-07 11:26:33,31,34,3748,12683
2023-09-07 11:26:38,31,33,3748,12683
2023-09-07 11:26:43,31,34,3748,12883
2023-09-07 11:26:45,31,33,3748,12883
2023-09-07 11:26:46,31,34,3748,12883
2023-09-07 11:26:48,31,33,3748,12883
2023-09-07 11:26:51,30,33,3748,12883
2023-09-07 11:27:07,30,33,3786,12921
2023-09-07 11:27:21,31,33,3786,12921
2023-09-07 11:27:30,31,34,3786,12921
2023-09-07 11:27:34,32,34,3786,12921
2023-09-07 11:27:49,32,34,3786,12922
2023-09-07 11:30:28,32,35,3786,12922
2023-09-07 11:30:28,33,35,3786,12922
2023-09-07 11:30:29,33,36,3786,12922
2023-09-07 11:30:29,34,36,3786,12922
2023-09-07 11:30:30,34,36,3786,12923
2023-09-07 11:31:05,33,36,3786,12923
2023-09-07 11:31:13,33,35,3786,12923
2023-09-07 11:31:15,32,35,3786,12923
2023-09-07 11:31:27,32,34,3786,12923
2023-09-07 11:31:33,31,34,3786,12923
2023-09-07 11:31:40,31,35,3786,12923
2023-09-07 11:31:40,32,35,3786,12923
2023-09-07 11:31:58,32,34,3786,12923
2023-09-07 11:31:58,31,34,3786,12923
2023-09-07 11:32:01,31,33,3786,12923
2023-09-07 11:32:28,30,33,3786,12923
2023-09-07 11:32:44,30,32,3786,12923
2023-09-07 11:32:51,30,33,3786,12923
2023-09-07 11:33:00,30,32,3786,12923
2023-09-07 11:33:00,30,32,3786,12924
2023-09-07 11:33:11,29,32,3786,12924
2023-09-07 11:33:15,29,31,3786,12924
2023-09-07 11:33:21,29,32,3786,12924
2023-09-07 11:33:32,29,31,3786,12924
2023-09-07 11:33:59,28,31,3786,12924
2023-09-07 11:34:07,28,30,3786,12924
2023-09-07 11:34:12,28,29,3786,12924
2023-09-07 11:34:12,27,29,3786,12924
2023-09-07 11:34:14,27,28,3786,12924
2023-09-07 11:34:14,26,28,3786,12924
2023-09-07 11:34:18,26,27,3786,12924
2023-09-07 11:34:18,25,27,3786,12924
2023-09-07 11:34:27,25,28,3786,12924
2023-09-07 11:34:34,25,27,3786,12924
2023-09-07 11:34:35,25,28,3786,12924
2023-09-07 11:34:36,25,27,3786,12924
2023-09-07 11:34:37,25,28,3786,12924
2023-09-07 11:34:42,25,27,3786,12924
2023-09-07 11:35:12,25,26,3786,12924
2023-09-07 11:35:12,24,26,3786,12924
2023-09-07 11:35:20,23,26,3786,12924
2023-09-07 11:35:35,23,25,3786,12924
2023-09-07 11:35:50,23,26,3786,12924
2023-09-07 11:36:22,24,26,3786,12924
2023-09-07 11:36:24,24,27,3786,12924
2023-09-07 11:36:26,24,27,3786,12925
2023-09-07 11:36:27,24,26,3786,12925
2023-09-07 11:36:39,24,25,3786,12925
2023-09-07 11:36:39,23,25,3786,12925
2023-09-07 11:36:56,22,25,3786,12925
2023-09-07 11:37:01,23,25,3786,12925
2023-09-07 11:37:29,23,26,3786,12925
2023-09-07 11:37:44,24,26,3786,12925
2023-09-07 11:37:46,25,26,3786,12925
2023-09-07 11:37:57,25,27,3786,12926
2023-09-07 11:38:12,24,27,3786,12926
2023-09-07 11:38:17,24,26,3786,12926
2023-09-07 11:38:17,23,26,3786,12926
2023-09-07 11:39:01,23,27,3786,12926
2023-09-07 11:39:02,24,27,3786,12926
2023-09-07 11:39:07,24,28,3786,12926
2023-09-07 11:39:07,25,28,3786,12926
2023-09-07 11:39:20,25,27,3786,12926
2023-09-07 11:39:46,25,28,3786,12926
2023-09-07 11:39:53,25,27,3786,12926
2023-09-07 11:40:03,25,28,3786,12926
2023-09-07 11:40:09,26,28,3786,12926
2023-09-07 11:40:11,26,29,3786,12926
2023-09-07 11:40:15,27,29,3786,12926
2023-09-07 11:40:22,27,30,3786,12926
2023-09-07 11:41:12,27,31,3786,12926
2023-09-07 11:41:12,27,30,3786,12926
2023-09-07 11:41:12,28,30,3786,12926
2023-09-07 11:41:12,28,31,3786,12926
2023-09-07 11:41:24,28,30,3786,12926
2023-09-07 11:41:34,29,30,3786,12926
2023-09-07 11:41:36,29,32,3786,12926
2023-09-07 11:41:37,30,31,3786,12926
2023-09-07 11:41:37,30,33,3786,12926
2023-09-07 11:41:37,30,32,3786,12926
2023-09-07 11:41:37,30,32,3836,12976
2023-09-07 11:41:37,30,33,3836,12976
2023-09-07 11:41:38,30,32,3836,12976
2023-09-07 11:41:51,30,33,3836,12976
2023-09-07 11:41:51,31,33,3836,12976
2023-09-07 11:41:54,31,34,3836,12976
2023-09-07 11:41:56,31,34,3836,12977
2023-09-07 11:42:02,31,33,3836,12977
2023-09-07 11:42:03,31,34,3836,12977
2023-09-07 11:42:05,32,34,3836,12977
2023-09-07 11:42:09,31,34,3836,12977
2023-09-07 11:42:14,32,34,3836,12977
2023-09-07 11:42:26,31,34,3836,12977
2023-09-07 11:42:45,31,33,3836,12977
2023-09-07 11:42:45,31,33,3836,12978
2023-09-07 11:42:48,31,34,3836,12978
2023-09-07 11:42:51,31,33,3836,12978
2023-09-07 11:42:56,31,34,3836,12978
2023-09-07 11:42:57,31,33,3836,12978
2023-09-07 11:43:02,31,34,3836,12978
2023-09-07 11:43:06,32,34,3836,12978
2023-09-07 11:43:55,31,34,3836,12978
2023-09-07 11:44:11,32,34,3836,12978
2023-09-07 11:44:26,31,34,3836,12978
2023-09-07 11:44:33,32,34,3836,12978
2023-09-07 11:44:49,31,34,3836,12978
2023-09-07 11:44:52,32,34,3836,12978
2023-09-07 11:44:57,31,34,3836,12978
2023-09-07 11:45:06,32,34,3836,12978
2023-09-07 11:45:15,31,34,3836,12978
2023-09-07 11:45:31,32,34,3836,12978
2023-09-07 11:46:07,31,34,3836,12978
2023-09-07 11:46:13,32,34,3836,12978
2023-09-07 11:47:03,31,34,3836,12978
2023-09-07 11:47:19,32,34,3836,12978
2023-09-07 11:47:25,32,35,3836,12978
2023-09-07 11:47:25,33,35,3836,12978
2023-09-07 11:47:35,32,35,3836,12978
2023-09-07 11:48:55,33,35,3836,12978
2023-09-07 11:49:04,34,35,3836,12978
2023-09-07 11:49:10,34,36,3836,12978
2023-09-07 11:49:19,34,37,3836,12978
2023-09-07 11:49:19,35,37,3836,12978
2023-09-07 11:49:38,35,36,3836,12978
2023-09-07 11:49:38,35,36,4036,13178
2023-09-07 11:49:38,35,37,4036,13178
2023-09-07 11:49:39,35,38,4036,13178
2023-09-07 11:49:41,36,38,4036,13178
2023-09-07 11:49:42,35,38,4036,13178
2023-09-07 11:50:00,35,37,4036,13178
2023-09-07 11:50:07,34,37,4036,13178
2023-09-07 11:50:07,34,36,4036,13178
2023-09-07 11:50:58,35,36,4036,13178
2023-09-07 11:50:58,35,38,4036,13178
2023-09-07 11:50:58,35,37,4036,13178
2023-09-07 11:51:02,35,38,4036,13178
2023-09-07 11:51:10,35,37,4036,13178
2023-09-07 11:51:25,34,37,4036,13178
2023-09-07 11:51:29,35,37,4036,13178
2023-09-07 11:51:32,34,37,4036,13178
2023-09-07 11:51:36,35,37,4036,13178
2023-09-07 11:51:48,35,38,4036,13178
2023-09-07 11:51:51,36,38,4036,13178
2023-09-07 11:51:51,36,38,4096,13238
2023-09-07 11:51:52,35,38,4096,13238
2023-09-07 11:51:55,36,38,4096,13238
2023-09-07 11:51:55,37,38,4096,13238
2023-09-07 11:51:55,37,38,4156,13298
2023-09-07 11:51:55,37,39,4156,13298
2023-09-07 11:51:55,37,39,4244,13386
2023-09-07 11:51:55,36,37,4296,13438
2023-09-07 11:51:55,37,39,4304,13446
2023-09-07 11:51:56,36,39,4304,13446
2023-09-07 11:51:56,37,39,4304,13446
2023-09-07 11:51:59,37,39,4304,13447
2023-09-07 11:52:02,36,39,4304,13447
2023-09-07 11:52:09,36,38,4304,13447
2023-09-07 11:52:13,36,38,4304,13448
2023-09-07 11:52:15,36,39,4304,13448
2023-09-07 11:52:22,36,38,4304,13448
2023-09-07 11:52:56,35,38,4304,13448
2023-09-07 11:53:11,36,38,4304,13448
2023-09-07 11:53:13,36,39,4304,13448
2023-09-07 11:53:15,37,39,4304,13448
2023-09-07 11:53:23,38,39,4304,13448
2023-09-07 11:53:34,38,40,4304,13449
2023-09-07 11:53:35,38,41,4304,13449
2023-09-07 11:53:35,39,41,4304,13449
2023-09-07 11:54:10,39,41,4304,13450
2023-09-07 11:54:14,38,41,4304,13450
2023-09-07 11:54:44,39,41,4304,13450
2023-09-07 11:54:44,39,41,4314,13460
2023-09-07 11:54:51,39,41,4314,13461
2023-09-07 11:55:02,40,41,4314,13461
2023-09-07 11:55:02,40,41,4418,13565
2023-09-07 11:55:02,40,42,4418,13565
2023-09-07 11:55:02,40,42,4470,13617
2023-09-07 11:55:04,40,42,4610,13757
2023-09-07 11:55:14,39,42,4610,13757
2023-09-07 11:55:14,40,42,4610,13757
2023-09-07 11:55:15,40,41,4610,13757
2023-09-07 11:55:17,40,41,4610,13758
2023-09-07 11:55:27,39,41,4610,13758
2023-09-07 11:55:54,40,41,4610,13758
2023-09-07 11:56:00,40,42,4610,13758
2023-09-07 11:56:02,39,42,4610,13758
2023-09-07 11:56:03,40,42,4610,13758
2023-09-07 11:56:13,39,42,4610,13758
2023-09-07 11:56:13,40,42,4610,13758
2023-09-07 11:56:14,40,41,4610,13758
2023-09-07 11:56:16,40,42,4610,13758
2023-09-07 11:56:23,40,41,4610,13758
2023-09-07 11:56:26,40,42,4610,13758
2023-09-07 11:56:33,40,41,4610,13758
2023-09-07 11:56:33,39,41,4610,13758
2023-09-07 11:56:33,40,41,4610,13758
2023-09-07 11:56:34,40,41,4610,13759
2023-09-07 11:56:47,40,41,4610,13760
2023-09-07 11:56:55,40,41,4610,13761
2023-09-07 11:57:07,39,41,4610,13761
2023-09-07 11:57:08,39,40,4610,13761
2023-09-07 11:57:17,39,42,4610,13761
2023-09-07 11:57:17,39,41,4610,13761
2023-09-07 11:57:18,39,41,4610,13762
2023-09-07 11:57:21,40,41,4610,13762
2023-09-07 11:57:25,40,41,4610,13763
2023-09-07 11:57:37,40,42,4610,13763
2023-09-07 11:57:46,40,41,4610,13763
2023-09-07 11:57:49,40,42,4610,13763
2023-09-07 11:58:02,40,41,4610,13763
2023-09-07 11:58:27,39,41,4610,13763
2023-09-07 11:58:29,40,41,4610,13763
2023-09-07 11:58:35,40,42,4610,13763
2023-09-07 11:58:39,41,42,4610,13763
2023-09-07 11:58:39,41,42,4610,13963
2023-09-07 11:58:39,41,43,4610,13963
2023-09-07 11:58:39,42,43,4610,13963
2023-09-07 11:58:41,42,43,4610,13964
2023-09-07 11:58:43,41,42,4610,13965
2023-09-07 11:59:06,40,42,4610,13965
2023-09-07 11:59:17,39,42,4610,13965
2023-09-07 11:59:17,40,42,4610,13965
2023-09-07 11:59:17,40,41,4610,13965
2023-09-07 11:59:18,40,41,4610,13966
2023-09-07 11:59:18,39,41,4610,13966
2023-09-07 11:59:23,40,41,4610,13966
2023-09-07 11:59:24,39,41,4610,13966
2023-09-07 11:59:35,40,41,4610,13966
2023-09-07 11:59:36,39,41,4610,13966
2023-09-07 12:00:01,40,41,4610,13966
2023-09-07 12:00:18,40,41,4611,13967
2023-09-07 12:00:21,39,41,4611,13967
2023-09-07 12:00:22,39,40,4611,13967
2023-09-07 12:00:29,38,40,4611,13967
2023-09-07 12:00:36,39,40,4611,13967
2023-09-07 12:00:37,38,40,4611,13967
2023-09-07 12:00:38,39,40,4611,13967
2023-09-07 12:00:39,38,40,4611,13967
2023-09-07 12:00:40,39,40,4611,13967
2023-09-07 12:00:41,38,40,4611,13967
2023-09-07 12:00:42,39,40,4611,13967
2023-09-07 12:00:43,38,40,4611,13967
2023-09-07 12:00:44,39,40,4611,13967
2023-09-07 12:00:45,38,40,4611,13967
2023-09-07 12:00:45,38,39,4611,13967
2023-09-07 12:00:46,39,40,4611,13971
2023-09-07 12:00:47,38,40,4611,13971
2023-09-07 12:00:48,38,39,4611,13971
2023-09-07 12:00:58,37,39,4611,13971
2023-09-07 12:00:58,38,39,4611,13971
2023-09-07 12:00:59,37,39,4611,13971
2023-09-07 12:01:00,38,39,4611,13971
2023-09-07 12:01:01,37,39,4611,13971
2023-09-07 12:01:02,38,39,4611,13971
2023-09-07 12:01:03,37,39,4611,13971
2023-09-07 12:01:04,38,39,4611,13971
2023-09-07 12:01:05,37,39,4611,13971
2023-09-07 12:01:06,38,39,4611,13971
2023-09-07 12:01:07,37,39,4611,13971
2023-09-07 12:01:08,38,39,4611,13971
2023-09-07 12:01:09,37,39,4611,13971
2023-09-07 12:01:10,38,39,4611,13971
2023-09-07 12:01:11,37,39,4611,13971
2023-09-07 12:01:12,38,39,4611,13971
2023-09-07 12:01:13,37,39,4611,13971
2023-09-07 12:01:14,38,39,4611,13971
2023-09-07 12:01:15,37,39,4611,13971
2023-09-07 12:01:16,38,39,4611,13971
2023-09-07 12:01:16,38,39,4610,13972
2023-09-07 12:01:17,37,39,4610,13972
2023-09-07 12:01:18,37,38,4610,13972
2023-09-07 12:01:19,36,38,4610,13972
2023-09-07 12:01:20,37,38,4610,13972
2023-09-07 12:01:21,36,38,4610,13972
2023-09-07 12:01:22,37,38,4610,13972
2023-09-07 12:01:23,36,38,4610,13972
2023-09-07 12:01:33,37,38,4610,13972
2023-09-07 12:01:34,36,38,4610,13972
2023-09-07 12:01:35,37,38,4610,13972
2023-09-07 12:01:36,36,38,4610,13972
2023-09-07 12:01:37,36,39,4610,13972
2023-09-07 12:01:38,36,38,4610,13972
2023-09-07 12:01:39,37,39,4610,13972
2023-09-07 12:01:40,36,39,4610,13972
2023-09-07 12:01:41,36,38,4610,13972
2023-09-07 12:01:43,37,38,4610,13972
2023-09-07 12:01:44,36,38,4610,13972
2023-09-07 12:01:46,37,38,4610,13972
2023-09-07 12:01:47,36,38,4610,13972
2023-09-07 12:01:49,37,38,4610,13972
2023-09-07 12:01:50,36,38,4610,13972
2023-09-07 12:01:51,37,38,4610,13972
2023-09-07 12:01:52,36,38,4610,13972
2023-09-07 12:01:52,36,39,4610,13972
2023-09-07 12:01:53,37,39,4610,13972
2023-09-07 12:01:54,36,39,4610,13972
2023-09-07 12:01:55,37,39,4610,13972
2023-09-07 12:01:56,36,39,4610,13972
2023-09-07 12:01:57,37,39,4610,13972
2023-09-07 12:01:58,36,39,4610,13972
2023-09-07 12:01:59,37,39,4610,13972
2023-09-07 12:02:00,36,39,4610,13972
2023-09-07 12:02:00,36,38,4610,13972
2023-09-07 12:02:01,36,37,4610,13972
2023-09-07 12:02:02,35,37,4610,13972
2023-09-07 12:02:03,35,36,4610,13972
2023-09-07 12:02:04,34,36,4610,13972
2023-09-07 12:02:20,34,37,4610,13972
2023-09-07 12:02:20,34,36,4610,13972
2023-09-07 12:02:21,35,36,4610,13972
2023-09-07 12:02:22,34,36,4610,13972
2023-09-07 12:02:22,34,37,4610,13972
2023-09-07 12:02:23,35,37,4610,13972
2023-09-07 12:02:24,34,37,4610,13972
2023-09-07 12:02:25,35,37,4610,13972
2023-09-07 12:02:26,34,36,4610,13972
2023-09-07 12:02:28,35,36,4610,13972
2023-09-07 12:02:29,34,36,4610,13972
2023-09-07 12:02:29,34,37,4610,13972
2023-09-07 12:02:30,34,36,4610,13972
2023-09-07 12:02:30,35,36,4610,13972
2023-09-07 12:02:31,34,36,4610,13972
2023-09-07 12:02:32,35,36,4610,13972
2023-09-07 12:02:33,34,36,4610,13972
2023-09-07 12:02:36,34,37,4610,13972
2023-09-07 12:02:36,35,37,4610,13972
2023-09-07 12:02:37,34,37,4610,13972
2023-09-07 12:02:37,34,36,4610,13972
2023-09-07 12:02:38,35,36,4610,13972
2023-09-07 12:02:39,34,36,4610,13972
2023-09-07 12:02:40,34,36,4610,13972
2023-09-07 12:02:41,34,36,4610,13972
2023-09-07 12:02:42,35,36,4610,13972
2023-09-07 12:02:43,34,36,4610,13972
2023-09-07 12:02:48,35,36,4610,13972
2023-09-07 12:02:49,34,36,4610,13972
2023-09-07 12:03:04,35,36,4610,13972
2023-09-07 12:03:05,34,36,4610,13972
2023-09-07 12:03:05,35,37,4610,13972
2023-09-07 12:03:16,35,36,4610,13972
2023-09-07 12:03:17,35,37,4610,13972
2023-09-07 12:03:19,35,36,4610,13972
2023-09-07 12:03:24,35,37,4610,13972
2023-09-07 12:03:46,35,36,4610,13972
2023-09-07 12:03:49,34,36,4610,13972
2023-09-07 12:04:23,34,35,4610,13972
2023-09-07 12:04:43,33,35,4610,13972
2023-09-07 12:04:50,34,35,4610,13972
2023-09-07 12:05:14,33,35,4610,13972
2023-09-07 12:05:14,34,35,4610,13972
2023-09-07 12:05:18,33,35,4610,13972
2023-09-07 12:05:28,33,34,4610,13972
2023-09-07 12:05:32,33,35,4610,13972
2023-09-07 12:05:32,33,34,4610,13972
2023-09-07 12:05:33,33,35,4610,13972
2023-09-07 12:05:36,33,34,4610,13972
2023-09-07 12:05:49,32,34,4610,13972
2023-09-07 12:05:49,33,34,4610,13972
2023-09-07 12:05:57,33,34,4611,13973
2023-09-07 12:05:58,33,35,4615,13977
2023-09-07 12:05:58,34,35,4615,13977
2023-09-07 12:06:02,33,35,4615,13977
2023-09-07 12:06:03,34,35,4615,13977
2023-09-07 12:06:04,33,35,4615,13977
2023-09-07 12:06:05,34,35,4615,13977
2023-09-07 12:06:06,33,35,4615,13977
2023-09-07 12:06:07,34,35,4615,13977
2023-09-07 12:06:08,33,35,4615,13977
2023-09-07 12:06:09,34,35,4615,13977
2023-09-07 12:06:10,33,35,4615,13977
2023-09-07 12:06:47,34,35,4615,13977
2023-09-07 12:06:48,33,35,4615,13977
2023-09-07 12:06:49,34,35,4615,13977
2023-09-07 12:06:50,33,35,4615,13977
2023-09-07 12:06:51,34,35,4615,13977
2023-09-07 12:06:58,33,35,4615,13977
2023-09-07 12:06:59,34,35,4615,13977
2023-09-07 12:07:00,33,35,4615,13977
2023-09-07 12:07:01,34,35,4615,13977
2023-09-07 12:07:02,33,35,4615,13977
2023-09-07 12:07:03,34,35,4615,13977
2023-09-07 12:07:04,33,35,4615,13977
2023-09-07 12:07:05,34,35,4615,13977
2023-09-07 12:07:06,33,35,4615,13977
2023-09-07 12:07:07,34,35,4615,13977
2023-09-07 12:07:08,33,35,4615,13977
2023-09-07 12:07:09,34,35,4615,13977
2023-09-07 12:07:10,33,35,4615,13977
2023-09-07 12:07:11,34,35,4615,13977
2023-09-07 12:07:12,33,35,4615,13977
2023-09-07 12:07:17,34,35,4615,13977
2023-09-07 12:07:18,33,35,4615,13977
2023-09-07 12:07:19,34,35,4615,13977
2023-09-07 12:07:20,33,35,4615,13977
2023-09-07 12:07:36,33,34,4615,13977
2023-09-07 12:07:41,32,34,4615,13977
2023-09-07 12:07:42,31,34,4615,13977
2023-09-07 12:07:47,31,33,4615,13977
2023-09-07 12:07:51,31,32,4615,13977
2023-09-07 12:07:51,30,32,4615,13977
2023-09-07 12:07:56,30,31,4615,13977
2023-09-07 12:08:04,29,31,4615,13977
2023-09-07 12:08:04,29,30,4615,13977
2023-09-07 12:08:05,29,31,4735,14097
2023-09-07 12:08:19,29,31,4735,14098
2023-09-07 12:08:35,28,31,4735,14098
2023-09-07 12:08:40,28,30,4735,14098
2023-09-07 12:08:52,28,31,4735,14098
2023-09-07 12:09:01,29,31,4735,14098
2023-09-07 12:09:03,30,31,4735,14098
2023-09-07 12:09:08,30,32,4735,14098
2023-09-07 12:09:08,31,32,4735,14098
2023-09-07 12:09:12,31,32,4735,14298
2023-09-07 12:09:19,29,32,4735,14298
2023-09-07 12:09:19,30,32,4735,14298
2023-09-07 12:09:31,30,33,4735,14298
2023-09-07 12:09:33,30,32,4735,14298
2023-09-07 12:09:38,30,33,4735,14298
2023-09-07 12:09:45,30,32,4735,14298
2023-09-07 12:09:46,30,33,4735,14298
2023-09-07 12:10:02,31,33,4735,14298
2023-09-07 12:10:03,31,34,4735,14298
2023-09-07 12:10:04,31,33,4735,14298
2023-09-07 12:10:08,31,34,4735,14298
2023-09-07 12:10:09,31,35,4735,14298
2023-09-07 12:10:09,31,34,4735,14298
2023-09-07 12:10:09,32,34,4735,14298
2023-09-07 12:10:12,32,33,4735,14298
2023-09-07 12:10:12,31,33,4735,14298
2023-09-07 12:10:35,31,34,4735,14298
2023-09-07 12:10:38,32,34,4735,14298
2023-09-07 12:10:49,31,34,4735,14298
2023-09-07 12:10:50,31,33,4735,14298
2023-09-07 12:11:06,30,33,4735,14298
2023-09-07 12:11:10,30,32,4735,14298
2023-09-07 12:11:11,29,32,4735,14298
2023-09-07 12:11:20,30,32,4735,14298
2023-09-07 12:11:27,30,33,4735,14298
2023-09-07 12:11:42,31,33,4735,14298
2023-09-07 12:12:13,31,34,4735,14298
2023-09-07 12:12:19,32,34,4735,14298
2023-09-07 12:12:28,32,35,4735,14298
2023-09-07 12:12:30,32,34,4735,14298
2023-09-07 12:12:33,32,34,4735,14299
2023-09-07 12:12:44,31,34,4735,14299
2023-09-07 12:12:49,31,33,4735,14299
2023-09-07 12:12:54,30,33,4735,14299
2023-09-07 12:12:57,30,34,4735,14299
2023-09-07 12:12:57,31,34,4735,14299
2023-09-07 12:12:58,31,33,4735,14299
2023-09-07 12:13:13,31,34,4735,14299
2023-09-07 12:13:14,31,33,4735,14299
2023-09-07 12:13:16,31,34,4735,14299
2023-09-07 12:13:18,31,33,4735,14299
2023-09-07 12:13:20,30,33,4735,14299
2023-09-07 12:13:21,30,32,4735,14299
2023-09-07 12:13:25,30,31,4735,14299
2023-09-07 12:13:25,29,31,4735,14299
2023-09-07 12:13:27,28,31,4735,14299
2023-09-07 12:13:35,29,31,4735,14299
2023-09-07 12:13:45,28,31,4735,14299
2023-09-07 12:13:48,28,30,4735,14299
2023-09-07 12:13:57,28,31,4735,14299
2023-09-07 12:14:03,29,31,4735,14299
2023-09-07 12:14:13,28,31,4735,14299
2023-09-07 12:14:16,28,30,4735,14299
2023-09-07 12:14:20,27,30,4735,14299
2023-09-07 12:14:21,28,30,4735,14299
2023-09-07 12:14:24,28,31,4735,14299
2023-09-07 12:14:35,29,31,4735,14299
2023-09-07 12:14:45,29,32,4735,14299
2023-09-07 12:15:07,29,31,4735,14299
2023-09-07 12:15:11,29,30,4735,14299
2023-09-07 12:15:11,28,30,4735,14299
2023-09-07 12:15:27,28,29,4735,14299
2023-09-07 12:15:27,27,29,4735,14299
2023-09-07 12:15:30,27,30,4735,14299
2023-09-07 12:15:32,27,30,4735,14300
2023-09-07 12:15:33,27,29,4735,14300
2023-09-07 12:15:40,28,29,4735,14300
2023-09-07 12:15:44,27,29,4735,14300
2023-09-07 12:16:02,28,29,4735,14300
2023-09-07 12:16:12,28,30,4735,14300
2023-09-07 12:16:15,28,30,4735,14300
2023-09-07 12:16:17,28,30,4735,14301
2023-09-07 12:16:19,27,30,4735,14301
2023-09-07 12:16:24,27,31,4735,14301
2023-09-07 12:16:24,28,31,4735,14301
2023-09-07 12:16:31,28,30,4735,14301
2023-09-07 12:16:31,27,30,4735,14301
2023-09-07 12:16:38,27,29,4735,14301
2023-09-07 12:16:40,26,29,4735,14301
2023-09-07 12:16:42,26,28,4735,14301
2023-09-07 12:16:51,26,29,4735,14301
2023-09-07 12:16:53,26,28,4735,14301
2023-09-07 12:17:04,26,29,4735,14301
2023-09-07 12:17:12,27,29,4735,14301
2023-09-07 12:17:16,26,29,4735,14301
2023-09-07 12:17:17,26,28,4735,14301
2023-09-07 12:17:20,25,28,4735,14301
2023-09-07 12:17:22,25,27,4735,14301
2023-09-07 12:17:25,24,27,4735,14301
2023-09-07 12:17:30,25,27,4735,14301
2023-09-07 12:17:34,25,28,4735,14301
2023-09-07 12:17:39,25,29,4735,14301
2023-09-07 12:17:39,26,29,4735,14301
2023-09-07 12:17:58,26,28,4735,14301
2023-09-07 12:18:00,25,28,4735,14301
2023-09-07 12:18:09,25,27,4735,14301
2023-09-07 12:18:17,24,27,4735,14301
2023-09-07 12:18:23,25,27,4735,14301
2023-09-07 12:18:25,25,28,4735,14301
2023-09-07 12:18:32,25,27,4735,14301
2023-09-07 12:18:35,25,28,4735,14301
2023-09-07 12:18:36,25,27,4735,14301
2023-09-07 12:18:40,24,27,4735,14301
2023-09-07 12:19:13,24,26,4735,14301
2023-09-07 12:19:14,24,27,4735,14301
2023-09-07 12:19:17,25,27,4735,14301
2023-09-07 12:19:18,24,27,4735,14301
2023-09-07 12:19:19,25,27,4735,14301
2023-09-07 12:19:20,24,27,4735,14301
2023-09-07 12:19:21,24,26,4735,14301
2023-09-07 12:19:21,25,26,4735,14301
2023-09-07 12:19:22,25,27,4735,14301
2023-09-07 12:19:22,24,27,4735,14301
2023-09-07 12:19:23,24,26,4735,14301
2023-09-07 12:19:24,24,26,4735,14302
2023-09-07 12:19:31,23,26,4735,14302
2023-09-07 12:19:37,23,25,4735,14302
2023-09-07 12:19:41,23,26,4735,14302
2023-09-07 12:19:43,23,25,4735,14302
2023-09-07 12:19:59,23,26,4735,14302
2023-09-07 12:20:16,23,25,4735,14302
2023-09-07 12:20:17,23,26,4735,14302
2023-09-07 12:20:18,23,25,4735,14302
2023-09-07 12:20:19,23,26,4735,14302
2023-09-07 12:20:29,23,25,4735,14302
2023-09-07 12:20:47,23,26,4735,14302
2023-09-07 12:20:52,23,27,4735,14302
2023-09-07 12:20:52,24,27,4735,14302
2023-09-07 12:20:56,24,28,4735,14302
2023-09-07 12:20:56,25,28,4735,14302
2023-09-07 12:20:59,25,29,4735,14302
2023-09-07 12:20:59,26,29,4735,14302
2023-09-07 12:21:13,26,30,4735,14302
2023-09-07 12:21:13,27,30,4735,14302
2023-09-07 12:21:17,27,31,4735,14302
2023-09-07 12:21:17,28,31,4735,14302
2023-09-07 12:21:18,28,32,4735,14302
2023-09-07 12:21:18,29,32,4735,14302
2023-09-07 12:21:20,29,30,4735,14302
2023-09-07 12:21:20,28,30,4735,14302
2023-09-07 12:21:37,28,32,4735,14302
2023-09-07 12:21:37,29,32,4735,14302
2023-09-07 12:22:30,29,30,4735,14302
2023-09-07 12:22:31,28,30,4735,14302
2023-09-07 12:22:34,28,30,4735,14303
2023-09-07 12:22:36,28,30,4735,14304
2023-09-07 12:22:39,28,29,4735,14304
2023-09-07 12:22:39,28,30,4735,14504
2023-09-07 12:22:40,27,30,4735,14504
2023-09-07 12:22:41,27,30,4735,14505
2023-09-07 12:22:59,27,30,4735,14506
2023-09-07 12:23:00,27,32,4735,14506
2023-09-07 12:23:01,28,32,4735,14506
2023-09-07 12:23:02,28,30,4735,14506
2023-09-07 12:23:03,27,30,4735,14506
2023-09-07 12:23:09,27,29,4735,14506
2023-09-07 12:23:09,26,29,4735,14506
2023-09-07 12:23:11,26,30,4735,14506
2023-09-07 12:23:11,29,30,4735,14506
2023-09-07 12:23:33,29,30,4735,14507
2023-09-07 12:23:36,29,32,4735,14507
2023-09-07 12:23:39,29,30,4735,14507
2023-09-07 12:23:43,29,30,4735,14508
2023-09-07 12:23:53,27,29,4735,14509
2023-09-07 12:24:02,27,28,4735,14509
2023-09-07 12:24:02,26,28,4735,14509
2023-09-07 12:24:20,25,28,4735,14509
2023-09-07 12:24:27,25,27,4735,14509
2023-09-07 12:24:37,24,27,4735,14509
2023-09-07 12:24:39,25,27,4735,14509
2023-09-07 12:24:43,24,27,4735,14509
2023-09-07 12:24:47,24,26,4735,14509
2023-09-07 12:24:49,24,26,4735,14510
2023-09-07 12:24:50,23,26,4735,14510
2023-09-07 12:24:53,23,25,4735,14510
2023-09-07 12:24:54,22,25,4735,14510
2023-09-07 12:25:01,21,25,4735,14510
2023-09-07 12:25:07,21,24,4735,14510
2023-09-07 12:25:10,21,25,4735,14510
2023-09-07 12:25:12,21,23,4735,14510
2023-09-07 12:25:14,20,23,4735,14510
2023-09-07 12:25:15,20,23,4735,14558
2023-09-07 12:25:18,20,22,4735,14558
2023-09-07 12:25:25,19,22,4735,14558
2023-09-07 12:25:28,19,21,4735,14558
2023-09-07 12:25:30,19,22,4735,14558
2023-09-07 12:25:30,20,22,4735,14558
2023-09-07 12:25:31,19,22,4735,14558
2023-09-07 12:25:32,20,22,4735,14558
2023-09-07 12:25:33,19,22,4735,14558
2023-09-07 12:25:34,20,22,4735,14558
2023-09-07 12:25:35,19,22,4735,14558
2023-09-07 12:25:36,20,22,4735,14558
2023-09-07 12:25:37,19,22,4735,14558
2023-09-07 12:25:38,20,22,4735,14558
2023-09-07 12:25:39,19,22,4735,14558
2023-09-07 12:25:40,20,22,4735,14558
2023-09-07 12:25:41,19,22,4735,14558
2023-09-07 12:25:42,20,22,4735,14558
2023-09-07 12:25:43,19,22,4735,14558
2023-09-07 12:25:44,20,22,4735,14558
2023-09-07 12:25:45,19,22,4735,14558
2023-09-07 12:26:02,19,21,4735,14558
2023-09-07 12:26:08,19,20,4735,14558
2023-09-07 12:26:28,18,19,4735,14708
2023-09-07 12:26:29,18,20,4735,14708
2023-09-07 12:27:06,18,21,4735,14708
2023-09-07 12:27:34,18,20,4735,14708
2023-09-07 12:27:42,18,21,4735,14708
2023-09-07 12:27:44,18,20,4735,14708
2023-09-07 12:27:46,18,21,4735,14708
2023-09-07 12:27:47,18,20,4735,14708
2023-09-07 12:27:55,18,19,4735,14708
2023-09-07 12:28:11,17,18,4735,14858
2023-09-07 12:28:12,17,19,4735,14858
2023-09-07 12:28:26,17,20,4735,14858
2023-09-07 12:28:43,17,19,4735,14858
2023-09-07 12:29:03,17,20,4735,14858
2023-09-07 12:29:08,17,19,4735,14858
2023-09-07 12:29:09,17,20,4735,14858
2023-09-07 12:29:40,17,21,4735,14858
2023-09-07 12:29:46,18,21,4735,14858
2023-09-07 12:29:49,18,22,4735,14858
2023-09-07 12:29:56,19,22,4735,14858
2023-09-07 12:30:02,18,22,4735,14858
2023-09-07 12:30:05,19,22,4735,14858
2023-09-07 12:30:08,18,22,4735,14858
2023-09-07 12:30:10,18,21,4735,14858
2023-09-07 12:30:13,17,21,4735,14858
2023-09-07 12:30:22,18,21,4735,14858
2023-09-07 12:30:23,17,21,4735,14858
2023-09-07 12:30:24,18,21,4735,14858
2023-09-07 12:30:25,17,21,4735,14858
2023-09-07 12:30:26,18,21,4735,14858
2023-09-07 12:30:27,17,21,4735,14858
2023-09-07 12:30:27,18,21,4735,14858
2023-09-07 12:30:44,18,22,4735,14858
2023-09-07 12:30:58,18,21,4735,14858
2023-09-07 12:31:01,17,21,4735,14858
2023-09-07 12:31:03,17,20,4735,14858
2023-09-07 12:31:26,17,21,4735,14858
2023-09-07 12:31:27,18,21,4735,14858
2023-09-07 12:31:28,17,21,4735,14858
2023-09-07 12:31:36,18,21,4735,14858
2023-09-07 12:31:45,17,21,4735,14858
2023-09-07 12:31:51,17,20,4735,14858
2023-09-07 12:31:57,17,19,4735,14858
2023-09-07 12:32:14,17,18,4735,14858
2023-09-07 12:32:54,17,19,4735,14858
2023-09-07 12:33:00,17,20,4735,14858
2023-09-07 12:33:02,17,19,4735,14858
2023-09-07 12:33:24,17,18,4735,14858
2023-09-07 12:33:28,17,18,4735,15008
2023-09-07 12:33:29,17,19,4735,15008
2023-09-07 12:33:34,17,18,4735,15008
2023-09-07 12:33:36,17,19,4735,15008
2023-09-07 12:33:42,17,20,4735,15008
2023-09-07 12:33:53,17,21,4735,15008
2023-09-07 12:33:59,17,20,4735,15008
2023-09-07 12:34:13,17,19,4735,15008
2023-09-07 12:34:31,17,20,4735,15008
2023-09-07 12:34:47,17,19,4735,15008
2023-09-07 12:35:25,17,20,4735,15008
2023-09-07 12:35:36,17,21,4735,15008
2023-09-07 12:35:46,18,21,4735,15008
2023-09-07 12:35:53,18,22,4735,15008
2023-09-07 12:35:57,19,22,4735,15008
2023-09-07 12:37:02,19,21,4735,15008
2023-09-07 12:37:02,18,21,4735,15008
2023-09-07 12:38:11,18,20,4735,15008
2023-09-07 12:38:11,17,20,4735,15008
2023-09-07 12:38:30,17,21,4735,15008
2023-09-07 12:38:30,18,21,4735,15008
2023-09-07 12:38:42,18,22,4735,15008
2023-09-07 12:38:42,19,22,4735,15008
2023-09-07 12:39:30,19,23,4735,15008
2023-09-07 12:39:30,20,23,4735,15008
2023-09-07 12:39:48,20,24,4735,15008
2023-09-07 12:39:48,21,24,4735,15008
2023-09-07 12:39:50,21,25,4735,15008
2023-09-07 12:39:57,21,24,4735,15008
2023-09-07 12:40:00,20,24,4735,15008
2023-09-07 12:40:03,21,24,4735,15008
2023-09-07 12:40:09,20,24,4735,15008
2023-09-07 12:40:17,21,24,4735,15008
2023-09-07 12:40:18,21,25,4735,15008
2023-09-07 12:40:31,21,23,4735,15008
2023-09-07 12:40:36,20,23,4735,15008
2023-09-07 12:40:40,21,23,4735,15008
2023-09-07 12:40:46,21,24,4735,15008
2023-09-07 12:40:48,21,25,4735,15008
2023-09-07 12:40:55,22,25,4735,15008
2023-09-07 12:40:59,22,24,4735,15008
2023-09-07 12:41:00,22,25,4735,15008
2023-09-07 12:41:06,22,24,4735,15008
2023-09-07 12:41:08,21,24,4735,15008
2023-09-07 12:41:19,21,23,4735,15008
2023-09-07 12:41:21,20,23,4735,15008
2023-09-07 12:41:27,20,22,4735,15008
2023-09-07 12:41:30,19,22,4735,15008
2023-09-07 12:42:14,19,21,4735,15008
2023-09-07 12:42:17,19,22,4735,15008
2023-09-07 12:42:25,19,21,4735,15008
2023-09-07 12:42:28,19,22,4735,15008
2023-09-07 12:42:47,19,21,4735,15008
2023-09-07 12:42:51,19,22,4735,15008
2023-09-07 12:43:21,19,23,4735,15008
2023-09-07 12:43:21,20,23,4735,15008
2023-09-07 12:43:28,21,23,4735,15008
2023-09-07 12:43:29,21,24,4735,15008
2023-09-07 12:43:39,20,24,4735,15008
2023-09-07 12:44:01,21,24,4735,15008
2023-09-07 12:44:02,20,24,4735,15008
2023-09-07 12:44:20,21,24,4735,15008
2023-09-07 12:44:25,22,24,4735,15008
2023-09-07 12:44:26,22,25,4735,15008
2023-09-07 12:44:45,25,26,4535,15208
2023-09-07 12:44:54,25,26,4342,15408
2023-09-07 12:44:55,22,26,4342,15408
2023-09-07 12:44:55,22,25,4342,15408
2023-09-07 12:45:09,23,25,4342,15408
2023-09-07 12:45:09,23,26,4342,15408
2023-09-07 12:45:20,22,26,4342,15408
2023-09-07 12:45:20,22,25,4342,15408
2023-09-07 12:45:30,24,25,4342,15408
2023-09-07 12:46:05,24,26,4342,15408
2023-09-07 12:46:42,24,25,4342,15408
2023-09-07 12:47:17,24,25,4092,15658
2023-09-07 12:47:18,21,25,3842,15908
2023-09-07 12:47:28,20,25,3842,15908
2023-09-07 12:47:28,20,24,3842,15908
2023-09-07 12:47:39,20,23,3842,15908
2023-09-07 12:47:42,20,24,3842,15908
2023-09-07 12:47:47,21,24,3842,15908
2023-09-07 12:47:48,21,25,3842,15908
2023-09-07 12:47:57,22,25,3842,15908
2023-09-07 12:47:57,22,26,3842,15908
2023-09-07 12:48:13,22,25,3842,15908
2023-09-07 12:48:13,21,25,3842,15908
2023-09-07 12:48:15,22,25,3842,15908
2023-09-07 12:48:20,22,26,3842,15908
2023-09-07 12:48:24,22,25,3842,15908
2023-09-07 12:48:27,21,25,3842,15908
2023-09-07 12:48:30,22,25,3842,15908
2023-09-07 12:48:33,25,26,3842,16308
2023-09-07 12:48:35,23,26,3755,16408
2023-09-07 12:48:45,22,26,3755,16408
2023-09-07 12:48:45,24,26,3755,16408
2023-09-07 12:48:55,24,27,3755,16408
2023-09-07 12:49:00,23,27,3755,16408
2023-09-07 12:49:00,25,27,3755,16408
2023-09-07 12:49:03,24,27,3755,16408
2023-09-07 12:49:03,24,28,3755,16408
2023-09-07 12:49:03,26,28,3755,16408
2023-09-07 12:49:27,26,27,3755,16408
2023-09-07 12:49:46,26,29,3755,16408
2023-09-07 12:49:46,25,29,3755,16408
2023-09-07 12:49:46,27,29,3755,16408
2023-09-07 12:49:58,24,29,3742,16808
2023-09-07 12:50:00,24,28,3742,16808
2023-09-07 12:50:49,25,28,3742,16808
2023-09-07 12:50:49,25,29,3742,16808
2023-09-07 12:50:51,26,29,3742,16808
2023-09-07 12:51:05,26,30,3742,16808
2023-09-07 12:51:05,27,30,3742,16808
2023-09-07 12:51:12,28,30,3742,16808
2023-09-07 12:51:14,28,31,3742,16808
2023-09-07 12:51:21,28,32,3742,16808
2023-09-07 12:51:21,28,31,3742,16808
2023-09-07 12:52:01,27,31,3742,16808
2023-09-07 12:52:06,27,30,3742,16808
2023-09-07 12:52:09,27,31,3742,16808
2023-09-07 12:52:24,28,31,3742,16808
2023-09-07 12:52:33,27,31,3742,16808
2023-09-07 12:52:50,27,30,3742,16808
2023-09-07 12:53:01,26,30,3742,16808
2023-09-07 12:53:04,27,30,3742,16808
2023-09-07 12:53:06,27,31,3742,16808
2023-09-07 12:53:10,28,31,3742,16808
2023-09-07 12:53:21,27,31,3742,16808
2023-09-07 12:53:24,27,30,3742,16808
2023-09-07 12:53:37,26,30,3742,16808
2023-09-07 12:53:39,27,30,3742,16808
2023-09-07 12:53:44,26,30,3742,16808
2023-09-07 12:53:45,26,29,3742,16808
2023-09-07 12:53:51,27,29,3742,16808
2023-09-07 12:53:51,27,30,3742,16808
2023-09-07 12:53:58,27,31,3742,16808
2023-09-07 12:54:03,27,30,3742,16808
2023-09-07 12:54:09,26,30,3742,16808
2023-09-07 12:54:12,26,29,3742,16808
2023-09-07 12:54:12,26,27,3742,16808
2023-09-07 12:54:22,25,27,3742,16808
2023-09-07 12:54:36,24,27,3742,16808
2023-09-07 12:54:48,23,27,3742,16808
2023-09-07 12:54:53,23,26,3742,16808
2023-09-07 12:55:00,23,27,3742,16808
2023-09-07 12:55:05,23,26,3742,16808
2023-09-07 12:55:22,23,25,3742,16808
2023-09-07 12:55:22,21,25,3742,16808
2023-09-07 12:55:26,21,24,3742,16808
2023-09-07 12:55:28,21,25,3742,16808
2023-09-07 12:55:29,22,25,3742,16808
2023-09-07 12:55:33,22,26,3742,16808
2023-09-07 12:55:35,21,26,4040,17408
2023-09-07 12:55:35,21,24,4040,17408
2023-09-07 12:55:35,22,24,4040,17408
2023-09-07 12:56:00,22,26,4040,17408
2023-09-07 12:56:00,22,25,4040,17408
2023-09-07 12:56:01,23,25,4040,17408
2023-09-07 12:56:08,25,27,3653,17808
2023-09-07 12:56:40,26,27,3653,17808
2023-09-07 12:56:44,26,31,3653,17808
2023-09-07 12:56:46,26,30,3653,17808
2023-09-07 12:57:12,26,29,3653,17808
2023-09-07 12:57:15,26,30,3653,17808
2023-09-07 12:57:20,26,29,3653,17808
2023-09-07 12:57:22,25,29,3653,17808
2023-09-07 12:57:27,26,29,3653,17808
2023-09-07 12:57:27,26,30,3653,17808
2023-09-07 12:57:30,27,30,3653,17808
2023-09-07 12:57:42,28,30,3653,17808
2023-09-07 12:57:46,27,30,3653,17808
2023-09-07 12:57:51,28,30,3653,17808
2023-09-07 12:58:32,29,30,3653,17808
2023-09-07 12:58:39,29,32,3653,17808
2023-09-07 12:58:41,29,32,3653,17809
2023-09-07 12:58:51,30,32,3653,17809
2023-09-07 12:58:57,30,32,3653,17810
2023-09-07 12:59:15,29,32,3653,17810
2023-09-07 12:59:32,29,32,3653,17811
2023-09-07 13:00:04,29,32,3653,17812
2023-09-07 13:00:07,30,32,3653,17812
2023-09-07 13:00:29,29,32,3653,17812
2023-09-07 13:00:34,28,32,3653,17812
2023-09-07 13:00:39,28,32,3653,17813
2023-09-07 13:00:43,27,32,3653,17813
2023-09-07 13:00:44,27,31,3653,17813
2023-09-07 13:00:49,27,32,3653,17813
2023-09-07 13:01:03,27,31,3653,17813
2023-09-07 13:01:10,27,30,3653,17813
2023-09-07 13:01:11,26,30,3653,17813
2023-09-07 13:01:12,26,29,3653,17813
2023-09-07 13:01:12,25,29,3653,17813
2023-09-07 13:01:19,26,29,3653,17813
2023-09-07 13:01:26,26,29,3653,17813
2023-09-07 13:01:28,26,30,3653,17813
2023-09-07 13:01:31,26,29,3653,17813
2023-09-07 13:01:32,26,30,3653,17813
2023-09-07 13:01:33,26,29,3653,17813
2023-09-07 13:01:39,25,29,3653,17813
2023-09-07 13:01:42,25,28,3653,17813
2023-09-07 13:02:15,25,29,3653,17813
2023-09-07 13:02:15,26,29,3653,17813
2023-09-07 13:02:43,26,30,3653,17813
2023-09-07 13:02:44,26,29,3653,17813
2023-09-07 13:02:45,26,30,3653,17813
2023-09-07 13:02:49,26,29,3653,17813
2023-09-07 13:02:50,26,30,3653,17813
2023-09-07 13:02:54,26,29,3653,17813
2023-09-07 13:02:58,26,28,3653,17813
2023-09-07 13:02:58,25,28,3653,17813
2023-09-07 13:02:59,25,29,3653,17813
2023-09-07 13:03:02,25,28,3653,17813
2023-09-07 13:03:10,25,27,3653,17813
2023-09-07 13:03:39,25,26,3653,17813
2023-09-07 13:03:53,25,26,3653,18063
2023-09-07 13:03:54,25,26,3660,18263
2023-09-07 13:03:54,22,26,3660,18413
2023-09-07 13:03:58,22,25,3660,18413
2023-09-07 13:04:17,22,26,3660,18413
2023-09-07 13:04:28,23,26,3660,18413
2023-09-07 13:04:36,22,26,3660,18413
2023-09-07 13:04:37,23,26,3660,18413
2023-09-07 13:04:41,23,27,3660,18413
2023-09-07 13:04:56,23,26,3660,18413
2023-09-07 13:05:02,23,27,3660,18413
2023-09-07 13:05:03,24,27,3660,18413
2023-09-07 13:05:08,23,27,3660,18413
2023-09-07 13:05:21,24,27,3660,18413
2023-09-07 13:05:50,23,27,3660,18413
2023-09-07 13:05:53,24,27,3660,18413
2023-09-07 13:06:06,24,28,3660,18413
2023-09-07 13:06:08,24,27,3660,18413
2023-09-07 13:06:12,23,27,3660,18413
2023-09-07 13:06:13,23,26,3660,18413
2023-09-07 13:06:15,23,27,3660,18413
2023-09-07 13:06:23,23,26,3660,18413
2023-09-07 13:06:36,22,26,3660,18413
2023-09-07 13:06:47,22,25,3660,18413
2023-09-07 13:07:03,22,26,3660,18413
2023-09-07 13:07:06,23,26,3660,18413
2023-09-07 13:07:09,23,27,3660,18413
2023-09-07 13:07:09,23,26,3660,18413
2023-09-07 13:07:09,23,27,3660,18413
2023-09-07 13:07:11,24,27,3660,18413
2023-09-07 13:07:20,24,28,3660,18413
2023-09-07 13:07:26,25,28,3660,18413
2023-09-07 13:07:32,25,29,3660,18413
2023-09-07 13:07:42,26,29,3660,18413
2023-09-07 13:07:48,26,30,3660,18413
2023-09-07 13:07:51,27,30,3660,18413
2023-09-07 13:07:52,28,30,3660,18413
2023-09-07 13:07:52,28,31,3660,18413
2023-09-07 13:07:52,28,30,3660,18413
2023-09-07 13:07:58,28,31,3660,18413
2023-09-07 13:07:59,28,32,3660,18413
2023-09-07 13:07:59,28,31,3660,18413
2023-09-07 13:08:01,28,31,3661,18414
2023-09-07 13:08:01,28,30,3661,18414
2023-09-07 13:08:06,29,30,3661,18414
2023-09-07 13:08:12,30,31,3661,18414
2023-09-07 13:08:12,30,32,3661,18414
2023-09-07 13:08:13,29,32,3661,18414
2023-09-07 13:08:13,29,31,3661,18414
2023-09-07 13:08:17,30,31,3661,18414
2023-09-07 13:08:17,30,32,3661,18414
2023-09-07 13:08:18,31,32,3661,18414
2023-09-07 13:08:21,30,32,3661,18414
2023-09-07 13:08:34,31,32,3661,18414
2023-09-07 13:08:38,30,31,3661,18814
2023-09-07 13:08:52,30,31,3654,19014
2023-09-07 13:08:55,30,32,3654,19022
2023-09-07 13:08:55,31,32,3654,19022
2023-09-07 13:08:58,30,32,3654,19022
2023-09-07 13:09:03,31,32,3654,19022
2023-09-07 13:09:04,30,32,3654,19022
2023-09-07 13:09:08,31,32,3654,19022
2023-09-07 13:09:09,30,32,3654,19022
2023-09-07 13:09:20,29,32,3654,19022
2023-09-07 13:09:22,30,32,3654,19022
2023-09-07 13:09:23,29,32,3654,19022
2023-09-07 13:09:24,30,32,3654,19022
2023-09-07 13:09:25,29,32,3654,19022
2023-09-07 13:09:26,30,32,3654,19022
2023-09-07 13:09:27,29,32,3654,19022
2023-09-07 13:09:32,29,32,3655,19023
2023-09-07 13:09:56,28,32,3655,19023
2023-09-07 13:09:56,29,32,3655,19023
2023-09-07 13:09:57,28,32,3655,19023
2023-09-07 13:09:58,28,31,3655,19023
2023-09-07 13:10:00,27,31,3655,19023
2023-09-07 13:10:00,27,32,3655,19023
2023-09-07 13:10:00,27,30,3655,19023
2023-09-07 13:10:05,28,30,3655,19023
2023-09-07 13:10:06,28,32,3655,19023
2023-09-07 13:10:06,28,31,3655,19023
2023-09-07 13:10:10,29,31,3655,19023
2023-09-07 13:10:11,28,31,3655,19023
2023-09-07 13:10:12,29,31,3655,19023
2023-09-07 13:10:12,29,32,3655,19023
2023-09-07 13:10:13,28,32,3655,19023
2023-09-07 13:10:22,28,31,3655,19023
2023-09-07 13:10:23,28,31,3655,19024
2023-09-07 13:10:25,27,31,3655,19024
2023-09-07 13:10:25,27,32,3655,19024
2023-09-07 13:10:25,27,30,3655,19024
2023-09-07 13:10:36,27,31,3655,19024
2023-09-07 13:10:36,27,29,3655,19024
2023-09-07 13:10:42,27,31,3655,19024
2023-09-07 13:10:42,27,30,3655,19024
2023-09-07 13:10:45,27,31,3655,19024
2023-09-07 13:10:45,27,29,3655,19024
2023-09-07 13:10:58,27,31,3655,19024
2023-09-07 13:10:58,27,30,3655,19024
2023-09-07 13:11:07,28,30,3655,19024
2023-09-07 13:11:08,27,30,3655,19024
2023-09-07 13:11:10,28,30,3655,19024
2023-09-07 13:11:11,27,30,3655,19024
2023-09-07 13:11:12,28,30,3655,19024
2023-09-07 13:11:13,27,30,3655,19024
2023-09-07 13:11:14,28,30,3655,19024
2023-09-07 13:11:15,27,30,3655,19024
2023-09-07 13:11:15,28,30,3655,19024
2023-09-07 13:11:15,28,32,3655,19024
2023-09-07 13:11:15,28,31,3655,19024
2023-09-07 13:11:20,29,31,3655,19024
2023-09-07 13:11:21,28,31,3655,19024
2023-09-07 13:11:24,29,31,3655,19024
2023-09-07 13:11:25,28,31,3655,19024
2023-09-07 13:11:31,28,32,3655,19024
2023-09-07 13:11:31,27,32,3655,19024
2023-09-07 13:11:31,27,30,3655,19024
2023-09-07 13:11:44,27,30,3655,19025
2023-09-07 13:11:57,28,30,3655,19025
2023-09-07 13:11:58,27,30,3655,19025
2023-09-07 13:11:58,28,30,3655,19025
2023-09-07 13:11:58,28,32,3655,19025
2023-09-07 13:11:58,28,31,3655,19025
2023-09-07 13:12:00,28,31,3655,19026
2023-09-07 13:12:13,29,31,3655,19026
2023-09-07 13:12:14,28,31,3655,19026
2023-09-07 13:12:15,29,31,3655,19026
2023-09-07 13:12:16,28,31,3655,19026
2023-09-07 13:12:22,27,31,3655,19026
2023-09-07 13:12:22,27,32,3655,19026
2023-09-07 13:12:22,27,30,3655,19026
2023-09-07 13:12:23,28,30,3655,19026
2023-09-07 13:12:24,27,30,3655,19026
2023-09-07 13:12:26,28,30,3655,19026
2023-09-07 13:12:27,27,30,3655,19026
2023-09-07 13:12:33,27,31,3655,19026
2023-09-07 13:12:33,27,29,3655,19026
2023-09-07 13:12:40,27,32,3655,19026
2023-09-07 13:12:40,27,30,3655,19026
2023-09-07 13:12:44,28,30,3655,19026
2023-09-07 13:12:45,27,30,3655,19026
2023-09-07 13:12:47,28,30,3655,19026
2023-09-07 13:12:48,27,30,3655,19026
2023-09-07 13:12:49,28,30,3655,19026
2023-09-07 13:12:50,27,30,3655,19026
2023-09-07 13:12:51,28,30,3655,19026
2023-09-07 13:12:52,27,30,3655,19026
2023-09-07 13:12:52,28,30,3655,19026
2023-09-07 13:12:54,28,30,3655,19027
2023-09-07 13:12:55,28,32,3655,19027
2023-09-07 13:12:55,28,31,3655,19027
2023-09-07 13:12:57,28,32,3655,19027
2023-09-07 13:12:57,28,30,3655,19027
2023-09-07 13:12:58,27,30,3655,19027
2023-09-07 13:12:59,28,30,3655,19027
2023-09-07 13:13:00,27,30,3655,19027
2023-09-07 13:13:01,28,30,3655,19027
2023-09-07 13:13:02,27,30,3655,19027
2023-09-07 13:13:03,28,30,3655,19027
2023-09-07 13:13:04,27,30,3655,19027
2023-09-07 13:13:06,28,30,3655,19027
2023-09-07 13:13:07,27,30,3655,19027
2023-09-07 13:13:18,28,30,3655,19027
2023-09-07 13:13:19,27,30,3655,19027
2023-09-07 13:13:22,28,30,3655,19027
2023-09-07 13:13:23,27,30,3655,19027
2023-09-07 13:13:23,28,30,3655,19027
2023-09-07 13:13:26,27,30,3655,19027
2023-09-07 13:13:26,28,30,3655,19027
2023-09-07 13:13:27,27,30,3655,19027
2023-09-07 13:13:28,28,30,3655,19027
2023-09-07 13:13:29,27,30,3655,19027
2023-09-07 13:13:29,28,30,3655,19027
2023-09-07 13:13:30,29,30,3655,19027
2023-09-07 13:13:30,29,32,3655,19027
2023-09-07 13:13:30,29,31,3655,19027
2023-09-07 13:13:31,28,31,3655,19027
2023-09-07 13:13:32,29,31,3655,19027
2023-09-07 13:13:33,28,31,3655,19027
2023-09-07 13:13:34,29,31,3655,19027
2023-09-07 13:13:35,28,31,3655,19027
2023-09-07 13:13:35,30,31,3655,19027
2023-09-07 13:13:36,28,31,3655,19027
2023-09-07 13:13:37,29,31,3655,19027
2023-09-07 13:13:37,29,32,3655,19027
2023-09-07 13:13:38,30,32,3655,19027
2023-09-07 13:13:39,29,32,3655,19027
2023-09-07 13:13:40,30,32,3655,19027
2023-09-07 13:13:41,29,32,3655,19027
2023-09-07 13:13:42,30,32,3655,19027
2023-09-07 13:13:43,29,32,3655,19027
2023-09-07 13:13:43,28,32,3655,19027
2023-09-07 13:13:44,29,32,3655,19027
2023-09-07 13:13:46,28,32,3655,19027
2023-09-07 13:13:46,30,32,3655,19027
2023-09-07 13:13:47,28,32,3655,19027
2023-09-07 13:13:47,29,32,3655,19027
2023-09-07 13:13:48,28,32,3655,19027
2023-09-07 13:13:48,30,32,3655,19027
2023-09-07 13:13:49,28,32,3655,19027
2023-09-07 13:13:49,29,32,3655,19027
2023-09-07 13:13:50,30,32,3655,19027
2023-09-07 13:13:51,29,32,3655,19027
2023-09-07 13:13:52,29,32,3644,19332
2023-09-07 13:13:52,30,32,3644,19332
2023-09-07 13:13:53,29,32,3644,19332
2023-09-07 13:13:54,30,32,3644,19332
2023-09-07 13:13:55,29,32,3644,19332
2023-09-07 13:13:56,30,32,3644,19332
2023-09-07 13:13:57,29,32,3644,19332
2023-09-07 13:13:58,30,32,3644,19332
2023-09-07 13:13:59,29,32,3644,19332
2023-09-07 13:14:00,30,32,3644,19332
2023-09-07 13:14:01,29,32,3644,19332
2023-09-07 13:14:04,30,32,3644,19332
2023-09-07 13:14:05,29,32,3644,19332
2023-09-07 13:14:07,28,32,3644,19332
2023-09-07 13:14:07,28,34,3644,19332
2023-09-07 13:14:07,28,31,3644,19332
2023-09-07 13:14:13,27,31,3644,19332
2023-09-07 13:14:13,27,33,3644,19332
2023-09-07 13:14:13,27,32,3644,19332
2023-09-07 13:14:13,27,30,3644,19332
2023-09-07 13:14:19,27,32,3644,19332
2023-09-07 13:14:19,27,29,3644,19332
2023-09-07 13:14:21,27,29,3644,19333
2023-09-07 13:14:39,28,29,3644,19333
2023-09-07 13:14:39,28,31,3644,19333
2023-09-07 13:14:39,28,32,3644,19333
2023-09-07 13:14:39,28,30,3644,19333
2023-09-07 13:14:40,27,30,3644,19333
2023-09-07 13:14:41,28,30,3644,19333
2023-09-07 13:14:42,27,30,3644,19333
2023-09-07 13:14:42,27,30,3644,19334
2023-09-07 13:14:43,28,30,3644,19334
2023-09-07 13:14:44,27,30,3644,19334
2023-09-07 13:14:45,28,30,3644,19334
2023-09-07 13:14:46,29,30,3644,19334
2023-09-07 13:14:47,28,30,3644,19334
2023-09-07 13:14:47,28,33,3644,19334
2023-09-07 13:14:47,28,31,3644,19334
2023-09-07 13:14:48,29,31,3644,19334
2023-09-07 13:14:49,28,31,3644,19334
2023-09-07 13:14:49,28,31,3644,19335
2023-09-07 13:14:50,29,31,3644,19335
2023-09-07 13:14:51,28,31,3644,19335
2023-09-07 13:14:52,29,31,3644,19335
2023-09-07 13:14:53,28,31,3644,19335
2023-09-07 13:14:54,29,31,3644,19335
2023-09-07 13:14:55,28,31,3644,19335
2023-09-07 13:14:56,29,31,3644,19335
2023-09-07 13:14:57,28,31,3644,19335
2023-09-07 13:14:58,29,31,3644,19335
2023-09-07 13:14:59,28,31,3644,19335
2023-09-07 13:15:00,29,31,3644,19335
2023-09-07 13:15:01,28,31,3644,19335
2023-09-07 13:15:02,29,31,3644,19335
2023-09-07 13:15:03,28,31,3644,19335
2023-09-07 13:15:04,29,31,3644,19335
2023-09-07 13:15:05,28,31,3644,19335
2023-09-07 13:15:07,29,31,3644,19335
2023-09-07 13:15:08,28,31,3644,19335
2023-09-07 13:15:09,29,31,3644,19335
2023-09-07 13:15:10,28,31,3644,19335
2023-09-07 13:15:11,29,31,3644,19335
2023-09-07 13:15:12,28,31,3644,19335
2023-09-07 13:15:12,29,31,3644,19335
2023-09-07 13:15:12,30,31,3644,19335
2023-09-07 13:15:12,30,33,3644,19335
2023-09-07 13:15:12,30,34,3644,19335
2023-09-07 13:15:12,30,35,3644,19335
2023-09-07 13:15:12,30,33,3644,19335
2023-09-07 13:15:12,30,32,3644,19335
2023-09-07 13:15:12,30,34,3644,19335
2023-09-07 13:15:13,30,33,3644,19335
2023-09-07 13:15:13,31,33,3644,19335
2023-09-07 13:15:13,31,35,3644,19335
2023-09-07 13:15:13,31,34,3644,19335
2023-09-07 13:15:15,32,34,3644,19335
2023-09-07 13:15:16,31,34,3644,19335
2023-09-07 13:15:17,32,34,3644,19335
2023-09-07 13:15:18,31,34,3644,19335
2023-09-07 13:15:19,32,34,3644,19335
2023-09-07 13:15:20,31,34,3644,19335
2023-09-07 13:15:21,32,34,3644,19335
2023-09-07 13:15:22,31,34,3644,19335
2023-09-07 13:15:24,32,34,3644,19335
2023-09-07 13:15:25,31,34,3644,19335
2023-09-07 13:15:29,30,34,3644,19335
2023-09-07 13:15:30,30,33,3644,19335
2023-09-07 13:15:37,29,33,3644,19335
2023-09-07 13:15:40,29,34,3644,19335
2023-09-07 13:15:40,29,33,3644,19335
2023-09-07 13:15:40,29,32,3644,19335
2023-09-07 13:15:50,30,32,3644,19335
2023-09-07 13:15:51,29,32,3644,19335
2023-09-07 13:15:52,30,32,3644,19335
2023-09-07 13:15:53,29,32,3644,19335
2023-09-07 13:15:54,30,32,3644,19335
2023-09-07 13:15:55,29,32,3644,19335
2023-09-07 13:15:57,30,32,3644,19335
2023-09-07 13:15:58,29,32,3644,19335
2023-09-07 13:15:59,30,32,3644,19335
2023-09-07 13:16:00,29,32,3644,19335
2023-09-07 13:16:02,29,33,3644,19335
2023-09-07 13:16:02,28,33,3644,19335
2023-09-07 13:16:03,28,31,3644,19335
2023-09-07 13:16:03,28,33,3644,19335
2023-09-07 13:16:03,28,30,3644,19335
2023-09-07 13:16:05,27,30,3644,19335
2023-09-07 13:16:06,27,32,3644,19335
2023-09-07 13:16:06,27,31,3644,19335
2023-09-07 13:16:06,27,29,3644,19335
2023-09-07 13:16:10,27,31,3644,19335
2023-09-07 13:16:10,27,30,3644,19335
2023-09-07 13:16:10,27,28,3644,19335
2023-09-07 13:16:15,25,28,3644,19335
2023-09-07 13:16:23,25,29,3644,19335
2023-09-07 13:16:23,24,29,3644,19335
2023-09-07 13:16:23,24,27,3644,19335
2023-09-07 13:16:25,24,29,3644,19335
2023-09-07 13:16:25,24,28,3644,19335
2023-09-07 13:16:25,24,26,3644,19335
2023-09-07 13:16:31,24,26,3644,19336
2023-09-07 13:16:33,25,26,3644,19336
2023-09-07 13:16:33,25,29,3644,19336
2023-09-07 13:16:33,25,27,3644,19336
2023-09-07 13:16:34,24,27,3644,19336
2023-09-07 13:16:35,25,27,3644,19336
2023-09-07 13:16:36,24,27,3644,19336
2023-09-07 13:16:37,25,27,3644,19336
2023-09-07 13:16:38,24,27,3644,19336
2023-09-07 13:16:39,25,27,3644,19336
2023-09-07 13:16:40,24,27,3644,19336
2023-09-07 13:16:41,25,27,3644,19336
2023-09-07 13:16:42,24,27,3644,19336
2023-09-07 13:16:43,25,27,3644,19336
2023-09-07 13:16:44,24,27,3644,19336
2023-09-07 13:16:45,25,27,3644,19336
2023-09-07 13:16:46,24,27,3644,19336
2023-09-07 13:16:47,25,27,3644,19336
2023-09-07 13:16:48,24,27,3644,19336
2023-09-07 13:16:48,26,27,3644,19336
2023-09-07 13:16:49,24,27,3644,19336
2023-09-07 13:16:50,25,27,3644,19336
2023-09-07 13:16:51,24,27,3644,19336
2023-09-07 13:16:52,25,27,3644,19336
2023-09-07 13:16:53,24,27,3644,19336
2023-09-07 13:16:54,25,27,3644,19336
2023-09-07 13:16:55,24,27,3644,19336
2023-09-07 13:16:56,25,27,3644,19336
2023-09-07 13:16:57,24,27,3644,19336
2023-09-07 13:16:57,24,29,3644,19336
2023-09-07 13:16:57,24,26,3644,19336
2023-09-07 13:17:00,23,26,3644,19336
2023-09-07 13:17:00,23,28,3644,19336
2023-09-07 13:17:00,23,25,3644,19336
2023-09-07 13:17:06,22,25,3644,19336
2023-09-07 13:17:06,22,27,3644,19336
2023-09-07 13:17:06,22,24,3644,19336
2023-09-07 13:17:19,24,26,3349,19718
2023-09-07 13:17:26,24,25,3349,19718
2023-09-07 13:17:33,22,25,3349,19836
2023-09-07 13:17:33,22,24,3349,19836
2023-09-07 13:17:50,22,25,3349,19836
2023-09-07 13:18:01,22,24,3349,19836
2023-09-07 13:18:58,22,23,3349,19836
2023-09-07 13:19:01,22,24,3349,19836
2023-09-07 13:19:02,22,23,3349,19836
2023-09-07 13:19:06,22,23,3350,19837
2023-09-07 13:19:07,23,24,3357,20037
2023-09-07 13:19:22,20,24,3357,20037
2023-09-07 13:19:22,20,23,3357,20037
2023-09-07 13:19:24,20,23,3350,20051
2023-09-07 13:19:25,19,23,3350,20051
2023-09-07 13:19:25,18,23,3350,20051
2023-09-07 13:19:25,18,22,3350,20051
2023-09-07 13:20:02,18,21,3350,20051
2023-09-07 13:20:05,18,22,3350,20051
2023-09-07 13:20:15,18,21,3350,20051
2023-09-07 13:20:17,18,22,3350,20051
2023-09-07 13:20:24,18,21,3350,20051
2023-09-07 13:20:35,18,22,3350,20051
2023-09-07 13:20:39,19,22,3350,20051
2023-09-07 13:20:40,18,22,3350,20051
2023-09-07 13:20:41,19,22,3350,20051
2023-09-07 13:20:42,18,22,3350,20051
2023-09-07 13:20:45,20,22,3350,20051
2023-09-07 13:21:03,20,21,3350,20051
2023-09-07 13:21:05,20,21,3350,20301
2023-09-07 13:21:06,20,21,3350,20551
2023-09-07 13:21:07,20,21,3350,20801
2023-09-07 13:21:09,20,21,3543,21001
2023-09-07 13:21:10,17,21,3543,21051
2023-09-07 13:21:14,17,20,3543,21051
2023-09-07 13:22:28,17,19,3543,21051
2023-09-07 13:22:36,17,20,3543,21051
2023-09-07 13:23:30,17,21,3543,21051
2023-09-07 13:23:30,17,20,3543,21051
2023-09-07 13:23:31,18,20,3543,21051
2023-09-07 13:23:32,17,20,3543,21051
2023-09-07 13:23:56,18,20,3543,21051
2023-09-07 13:24:09,18,21,3543,21051
2023-09-07 13:24:16,17,21,3543,21051
2023-09-07 13:24:24,18,21,3543,21051
2023-09-07 13:24:27,17,21,3543,21051
2023-09-07 13:24:38,18,21,3543,21051
2023-09-07 13:24:50,17,21,3543,21051
2023-09-07 13:24:52,17,20,3543,21051
2023-09-07 13:25:25,17,19,3543,21051
2023-09-07 13:25:37,17,20,3543,21051
2023-09-07 13:26:01,18,20,3543,21051
2023-09-07 13:26:10,18,21,3543,21051
2023-09-07 13:26:14,18,20,3543,21051
2023-09-07 13:26:22,18,21,3543,21051
2023-09-07 13:26:42,18,20,3543,21051
2023-09-07 13:26:49,18,21,3543,21051
2023-09-07 13:26:50,20,21,3543,21051
2023-09-07 13:26:50,18,21,3568,21076
2023-09-07 13:26:51,18,20,3568,21076
2023-09-07 13:26:55,19,20,3568,21076
2023-09-07 13:26:59,18,20,3568,21076
2023-09-07 13:27:40,19,20,3568,21076
2023-09-07 13:27:41,18,20,3568,21076
2023-09-07 13:27:53,19,20,3568,21076
2023-09-07 13:28:11,20,22,3548,21096
2023-09-07 13:28:17,20,23,3548,21096
2023-09-07 13:28:21,19,23,3548,21096
2023-09-07 13:28:21,19,22,3548,21096
2023-09-07 13:29:00,19,21,3548,21096
2023-09-07 13:29:12,18,21,3548,21096
2023-09-07 13:29:23,18,20,3548,21096
2023-09-07 13:29:24,17,20,3548,21096
2023-09-07 13:29:27,17,19,3548,21096
2023-09-07 13:29:46,17,18,3548,21096
2023-09-07 13:30:10,17,18,3548,21116
2023-09-07 13:30:12,17,18,3548,21136
2023-09-07 13:30:13,17,18,3548,21156
2023-09-07 13:30:14,17,18,3548,21176
2023-09-07 13:30:15,16,18,3568,21196
2023-09-07 13:30:16,16,17,3568,21196
2023-09-07 13:30:20,16,17,3568,21216
2023-09-07 13:30:20,16,17,3768,21416
2023-09-07 13:30:21,15,17,3798,21446
2023-09-07 13:30:25,15,16,3798,21446
2023-09-07 13:30:29,15,17,3798,21446
2023-09-07 13:30:44,16,17,3798,21446
2023-09-07 13:30:45,15,17,3798,21446
2023-09-07 13:30:46,16,17,3798,21446
2023-09-07 13:30:52,15,17,3798,21446
2023-09-07 13:30:54,16,17,3798,21446
2023-09-07 13:30:56,15,17,3798,21446
2023-09-07 13:30:57,16,17,3798,21446
2023-09-07 13:31:00,15,17,3798,21446
2023-09-07 13:31:07,15,16,3798,21446
2023-09-07 13:31:27,15,16,3998,21646
2023-09-07 13:31:28,14,16,4048,21696
2023-09-07 13:31:28,14,15,4048,21696
2023-09-07 13:31:28,13,15,4075,21896
2023-09-07 13:32:02,13,15,4105,21926
2023-09-07 13:32:06,14,15,4105,21926
2023-09-07 13:32:07,13,15,4105,21926
2023-09-07 13:32:07,14,15,4105,21926
2023-09-07 13:32:22,13,15,4105,21926
2023-09-07 13:32:53,14,15,4105,21926
2023-09-07 13:32:54,13,15,4105,21926
2023-09-07 13:32:55,14,15,4105,21926
2023-09-07 13:32:56,13,15,4105,21926
2023-09-07 13:33:03,14,15,4105,21926
2023-09-07 13:33:04,13,15,4105,21926
2023-09-07 13:33:05,14,15,4105,21926
2023-09-07 13:33:06,13,15,4105,21926
2023-09-07 13:33:07,14,15,4105,21926
2023-09-07 13:33:08,13,15,4105,21926
2023-09-07 13:33:08,14,15,4105,21926
2023-09-07 13:33:16,14,17,4105,21946
2023-09-07 13:33:17,15,17,4105,21946
2023-09-07 13:33:18,14,17,4105,21946
2023-09-07 13:33:18,16,17,4105,21946
2023-09-07 13:33:19,14,17,4105,21946
2023-09-07 13:33:20,15,17,4105,21946
2023-09-07 13:33:21,14,17,4105,21946
2023-09-07 13:33:22,15,17,4105,21946
2023-09-07 13:33:23,14,17,4105,21946
2023-09-07 13:33:24,15,17,4105,21946
2023-09-07 13:33:25,14,17,4105,21946
2023-09-07 13:33:26,15,17,4105,21946
2023-09-07 13:33:27,14,17,4105,21946
2023-09-07 13:33:28,15,17,4105,21946
2023-09-07 13:33:29,14,17,4105,21946
2023-09-07 13:33:44,15,17,4105,21946
2023-09-07 13:33:45,14,17,4105,21946
2023-09-07 13:33:46,15,17,4105,21946
2023-09-07 13:33:47,14,17,4105,21946
2023-09-07 13:33:48,15,17,4105,21946
2023-09-07 13:33:50,16,17,4105,21946
2023-09-07 13:33:51,15,17,4105,21946
2023-09-07 13:33:52,16,17,4105,21946
2023-09-07 13:33:53,15,17,4105,21946
2023-09-07 13:33:54,16,17,4105,21946
2023-09-07 13:34:08,16,20,4045,22006
2023-09-07 13:34:09,17,20,4045,22006
2023-09-07 13:34:10,16,20,4045,22006
2023-09-07 13:34:10,18,20,4045,22006
2023-09-07 13:34:10,18,21,4045,22006
2023-09-07 13:34:11,17,21,4045,22006
2023-09-07 13:34:12,18,21,4045,22006
2023-09-07 13:34:13,17,21,4045,22006
2023-09-07 13:34:14,18,21,4045,22006
2023-09-07 13:34:15,17,21,4045,22006
2023-09-07 13:34:16,18,21,4045,22006
2023-09-07 13:34:17,17,21,4045,22006
2023-09-07 13:34:18,18,21,4045,22006
2023-09-07 13:34:19,17,21,4045,22006
2023-09-07 13:34:20,18,21,4045,22006
2023-09-07 13:34:21,19,21,4045,22006
2023-09-07 13:34:23,19,22,4045,22006
2023-09-07 13:34:23,20,22,4045,22006
2023-09-07 13:34:24,19,22,4045,22006
2023-09-07 13:34:35,18,22,4045,22006
2023-09-07 13:34:40,19,22,4045,22006
2023-09-07 13:34:40,19,21,4045,22006
2023-09-07 13:34:45,18,21,4045,22006
2023-09-07 13:34:46,19,21,4045,22006
2023-09-07 13:34:47,18,21,4045,22006
2023-09-07 13:34:48,19,21,4045,22006
2023-09-07 13:34:49,18,21,4045,22006
2023-09-07 13:34:50,19,21,4045,22006
2023-09-07 13:34:51,18,21,4045,22006
2023-09-07 13:34:52,18,22,4045,22006
2023-09-07 13:34:52,19,22,4045,22006
2023-09-07 13:34:53,18,22,4045,22006
2023-09-07 13:34:54,19,22,4045,22006
2023-09-07 13:34:55,18,22,4045,22006
2023-09-07 13:34:56,19,22,4045,22006
2023-09-07 13:34:57,18,22,4045,22006
2023-09-07 13:34:58,19,22,4045,22006
2023-09-07 13:34:59,18,22,4045,22006
2023-09-07 13:35:00,19,22,4045,22006
2023-09-07 13:35:02,20,22,4045,22006
2023-09-07 13:35:03,19,22,4045,22006
2023-09-07 13:35:04,20,22,4045,22006
2023-09-07 13:35:05,19,22,4045,22006
2023-09-07 13:35:06,20,22,4045,22006
2023-09-07 13:35:07,19,22,4045,22006
2023-09-07 13:35:08,20,22,4045,22006
2023-09-07 13:35:09,19,22,4045,22006
2023-09-07 13:35:10,20,22,4045,22006
2023-09-07 13:35:11,19,22,4045,22006
2023-09-07 13:35:12,20,22,4045,22006
2023-09-07 13:35:13,19,22,4045,22006
2023-09-07 13:35:13,19,23,4045,22006
2023-09-07 13:35:14,20,23,4045,22006
2023-09-07 13:35:15,19,23,4045,22006
2023-09-07 13:35:16,20,23,4045,22006
2023-09-07 13:35:17,19,23,4045,22006
2023-09-07 13:35:17,19,22,4045,22006
2023-09-07 13:35:19,20,22,4045,22006
2023-09-07 13:35:20,19,22,4045,22006
2023-09-07 13:35:21,20,22,4045,22006
2023-09-07 13:35:22,19,22,4045,22006
2023-09-07 13:35:23,19,23,4045,22006
2023-09-07 13:35:23,20,23,4045,22006
2023-09-07 13:35:37,20,22,4045,22006
2023-09-07 13:35:38,19,22,4045,22006
2023-09-07 13:36:26,20,22,4045,22006
2023-09-07 13:36:27,20,23,4045,22006
2023-09-07 13:36:34,20,22,4045,22006
2023-09-07 13:36:36,20,23,4045,22006
2023-09-07 13:36:39,21,23,4045,22006
2023-09-07 13:36:44,22,23,4045,22006
2023-09-07 13:36:45,21,23,4045,22006
2023-09-07 13:36:46,22,23,4045,22006
2023-09-07 13:36:47,21,23,4045,22006
2023-09-07 13:36:48,22,23,4045,22006
2023-09-07 13:36:49,21,23,4045,22006
2023-09-07 13:36:49,22,23,4045,22006
2023-09-07 13:36:55,22,24,4045,22006
2023-09-07 13:36:56,23,24,4045,22006
2023-09-07 13:36:59,22,24,4045,22006
2023-09-07 13:37:02,23,24,4045,22006
2023-09-07 13:37:03,22,24,4045,22006
2023-09-07 13:37:04,23,24,4045,22006
2023-09-07 13:37:05,22,24,4045,22006
2023-09-07 13:37:08,23,24,4045,22006
2023-09-07 13:37:09,22,24,4045,22006
2023-09-07 13:37:10,23,24,4045,22006
2023-09-07 13:37:11,22,24,4045,22006
2023-09-07 13:37:11,22,25,4045,22006
2023-09-07 13:37:12,23,25,4045,22006
2023-09-07 13:37:16,22,25,4045,22006
2023-09-07 13:37:22,22,24,4045,22006
2023-09-07 13:37:23,22,25,4045,22006
2023-09-07 13:37:26,21,25,4045,22006
2023-09-07 13:37:31,22,25,4045,22006
2023-09-07 13:37:32,21,25,4045,22006
2023-09-07 13:37:33,22,25,4045,22006
2023-09-07 13:37:42,21,25,4045,22006
2023-09-07 13:37:44,22,25,4045,22006
2023-09-07 13:37:45,21,25,4045,22006
2023-09-07 13:37:45,21,24,4045,22006
2023-09-07 13:37:45,22,24,4045,22006
2023-09-07 13:37:46,22,25,4045,22006
2023-09-07 13:37:50,23,25,4045,22006
2023-09-07 13:37:51,22,25,4045,22006
2023-09-07 13:37:52,23,25,4045,22006
2023-09-07 13:37:53,22,25,4045,22006
2023-09-07 13:37:53,21,25,4045,22006
2023-09-07 13:37:54,22,25,4045,22006
2023-09-07 13:37:55,21,25,4045,22006
2023-09-07 13:37:56,22,25,4045,22006
2023-09-07 13:38:21,23,25,4045,22006
2023-09-07 13:38:22,22,25,4045,22006
2023-09-07 13:38:37,21,25,4045,22006
2023-09-07 13:39:25,21,24,4045,22006
2023-09-07 13:39:29,21,23,4045,22006
2023-09-07 13:39:33,20,23,4045,22006
2023-09-07 13:39:34,21,23,4045,22006
2023-09-07 13:39:35,20,23,4045,22006
2023-09-07 13:39:35,21,23,4045,22006
2023-09-07 13:39:44,20,23,4045,22006
2023-09-07 13:39:55,21,23,4045,22006
2023-09-07 13:39:56,20,23,4045,22006
2023-09-07 13:39:57,21,23,4045,22006
2023-09-07 13:39:58,20,23,4045,22006
2023-09-07 13:40:10,21,23,4045,22006
2023-09-07 13:40:12,21,24,4045,22006
2023-09-07 13:40:19,20,24,4045,22006
2023-09-07 13:40:25,20,23,4045,22006
2023-09-07 13:40:38,21,23,4045,22006
2023-09-07 13:40:38,21,24,4045,22006
2023-09-07 13:40:39,20,24,4045,22006
2023-09-07 13:40:44,20,23,4045,22006
2023-09-07 13:40:50,20,24,4045,22006
2023-09-07 13:40:53,21,24,4045,22006
2023-09-07 13:40:54,20,24,4045,22006
2023-09-07 13:41:16,21,24,4045,22006
2023-09-07 13:41:32,21,25,4045,22006
2023-09-07 13:41:32,22,25,4045,22006
2023-09-07 13:41:33,21,25,4045,22006
2023-09-07 13:41:34,22,25,4045,22006
2023-09-07 13:41:35,21,25,4045,22006
2023-09-07 13:41:40,21,24,4045,22006
2023-09-07 13:41:44,22,24,4045,22006
2023-09-07 13:41:45,21,24,4045,22006
2023-09-07 13:42:03,20,24,4045,22006
2023-09-07 13:42:09,20,23,4045,22006
2023-09-07 13:42:19,20,24,4045,22006
2023-09-07 13:42:20,21,24,4045,22006
2023-09-07 13:42:41,20,24,4045,22006
2023-09-07 13:42:42,20,23,4045,22006
2023-09-07 13:42:49,19,23,4045,22006
2023-09-07 13:42:50,19,22,4045,22006
2023-09-07 13:42:52,19,23,4045,22006
2023-09-07 13:42:56,20,23,4045,22006
2023-09-07 13:43:10,21,23,4045,22006
2023-09-07 13:43:10,21,24,4045,22006
2023-09-07 13:43:16,20,24,4045,22006
2023-09-07 13:43:20,20,23,4045,22006
2023-09-07 13:43:27,19,23,4045,22006
2023-09-07 13:43:30,19,22,4045,22006
2023-09-07 13:43:39,18,22,4045,22006
2023-09-07 13:43:40,18,21,4045,22006
2023-09-07 13:43:55,17,21,4045,22006
2023-09-07 13:43:57,17,19,4045,22006
2023-09-07 13:43:57,16,19,4045,22006
2023-09-07 13:44:02,15,19,4045,22006
2023-09-07 13:44:02,15,18,4045,22006
2023-09-07 13:45:34,15,17,4045,22006
2023-09-07 13:45:36,14,17,4045,22006
2023-09-07 13:45:42,14,16,4045,22006
2023-09-07 13:45:46,13,16,4045,22006
2023-09-07 13:45:47,14,16,4045,22006
2023-09-07 13:45:48,13,16,4045,22006
2023-09-07 13:45:49,14,16,4045,22006
2023-09-07 13:46:01,13,16,4045,22006
2023-09-07 13:46:15,13,15,4045,22006
2023-09-07 13:46:21,13,16,4045,22006
2023-09-07 13:46:25,14,16,4045,22006
2023-09-07 13:46:26,13,16,4045,22006
2023-09-07 13:46:28,14,16,4045,22006
2023-09-07 13:46:29,13,16,4045,22006
2023-09-07 13:46:30,14,16,4045,22006
2023-09-07 13:46:31,13,16,4045,22006
2023-09-07 13:46:32,14,16,4045,22006
2023-09-07 13:46:33,13,16,4045,22006
2023-09-07 13:46:34,14,16,4045,22006
2023-09-07 13:46:35,13,16,4045,22006
2023-09-07 13:46:36,14,16,4045,22006
2023-09-07 13:46:37,13,16,4045,22006
2023-09-07 13:46:42,13,15,4045,22006
2023-09-07 13:46:44,12,15,4045,22006
2023-09-07 13:46:49,13,15,4045,22006
2023-09-07 13:46:50,12,15,4045,22006
2023-09-07 13:46:51,13,15,4045,22006
2023-09-07 13:46:52,12,15,4045,22006
2023-09-07 13:46:53,13,15,4045,22006
2023-09-07 13:46:54,12,15,4045,22006
2023-09-07 13:47:03,13,15,4045,22006
2023-09-07 13:47:04,12,15,4045,22006
2023-09-07 13:47:04,13,15,4045,22006
2023-09-07 13:47:04,13,16,4045,22006
2023-09-07 13:47:23,13,15,4045,22006
2023-09-07 13:47:23,12,15,4045,22006
2023-09-07 13:47:25,13,15,4045,22006
2023-09-07 13:47:26,12,15,4045,22006
2023-09-07 13:47:26,13,15,4045,22006
2023-09-07 13:47:33,12,15,4045,22006
2023-09-07 13:48:17,13,15,4045,22006
2023-09-07 13:48:23,13,16,4045,22006
2023-09-07 13:48:30,13,15,4045,22006
2023-09-07 13:48:52,12,15,4045,22006
2023-09-07 13:49:03,13,15,4045,22006
2023-09-07 13:49:04,12,15,4045,22006
2023-09-07 13:49:04,13,15,4045,22006
2023-09-07 13:49:05,14,15,4045,22006
2023-09-07 13:49:06,13,15,4045,22006
2023-09-07 13:49:06,13,16,4045,22006
2023-09-07 13:49:07,14,16,4045,22006
2023-09-07 13:49:16,14,17,4045,22006
2023-09-07 13:49:18,15,17,4045,22006
2023-09-07 13:49:19,14,17,4045,22006
2023-09-07 13:49:22,15,17,4045,22006
2023-09-07 13:49:23,14,17,4045,22006
2023-09-07 13:49:24,15,17,4045,22006
2023-09-07 13:49:25,14,17,4045,22006
2023-09-07 13:49:27,15,17,4045,22006
2023-09-07 13:49:28,14,17,4045,22006
2023-09-07 13:49:29,15,17,4045,22006
2023-09-07 13:49:30,14,17,4045,22006
2023-09-07 13:49:31,15,17,4045,22006
2023-09-07 13:49:37,14,17,4045,22006
2023-09-07 13:49:43,14,16,4045,22006
2023-09-07 13:49:44,14,17,4045,22006
2023-09-07 13:50:07,14,16,4045,22006
2023-09-07 13:50:14,13,16,4045,22006
2023-09-07 13:51:03,13,15,4045,22006
2023-09-07 13:51:06,12,15,4045,22006
2023-09-07 13:51:06,14,15,4045,22006
2023-09-07 13:51:10,12,15,4045,22006
2023-09-07 13:51:15,13,15,4045,22006
2023-09-07 13:51:44,13,14,4045,22006
2023-09-07 13:51:54,13,15,4045,22006
2023-09-07 13:52:14,13,14,4045,22006
2023-09-07 13:52:19,13,15,4045,22006
2023-09-07 13:52:27,13,14,4045,22006
2023-09-07 13:52:39,13,15,4045,22006
2023-09-07 13:52:40,13,14,4045,22006
2023-09-07 13:52:41,13,15,4045,22006
2023-09-07 13:52:44,13,14,4045,22006
2023-09-07 13:52:52,13,15,4045,22006
2023-09-07 13:53:16,13,14,4045,22006
2023-09-07 13:53:20,13,15,4045,22006
2023-09-07 13:53:21,13,14,4045,22006
2023-09-07 13:53:29,12,14,4045,22117
2023-09-07 13:53:29,12,13,4045,22117
2023-09-07 13:53:45,12,13,4218,22317
2023-09-07 13:53:48,11,13,4218,22367
2023-09-07 13:54:02,11,12,4218,22367
2023-09-07 13:54:47,11,13,4218,22367
2023-09-07 13:55:01,11,12,4218,22367
2023-09-07 13:55:32,9,11,4218,22368
2023-09-07 13:55:39,9,12,4218,22368
2023-09-07 13:55:41,9,11,4218,22368
2023-09-07 13:55:45,9,12,4218,22368
2023-09-07 13:55:55,9,11,4218,22368
2023-09-07 13:56:03,9,12,4218,22368
2023-09-07 13:56:11,10,12,4218,22368
2023-09-07 13:56:12,9,12,4218,22368
2023-09-07 13:56:14,10,12,4218,22368
2023-09-07 13:56:15,9,12,4218,22368
2023-09-07 13:56:30,11,12,4218,22368
2023-09-07 13:56:34,9,11,4317,22467
2023-09-07 13:56:35,9,12,4317,22467
2023-09-07 13:56:44,10,12,4317,22467
2023-09-07 13:56:46,11,12,4317,22467
2023-09-07 13:56:47,10,12,4317,22467
2023-09-07 13:56:48,11,12,4317,22467
2023-09-07 13:56:48,11,13,4317,22467
2023-09-07 13:56:49,10,13,4317,22467
2023-09-07 13:56:50,11,13,4317,22467
2023-09-07 13:56:51,10,13,4317,22467
2023-09-07 13:56:52,11,13,4317,22467
2023-09-07 13:57:01,12,13,4317,22467
2023-09-07 13:57:02,11,13,4317,22467
2023-09-07 13:57:06,12,13,4317,22467
2023-09-07 13:57:07,12,14,4317,22467
2023-09-07 13:57:13,11,14,4317,22467
2023-09-07 13:57:20,12,14,4317,22467
2023-09-07 13:57:21,11,14,4317,22467
2023-09-07 13:57:21,10,14,4317,22467
2023-09-07 13:57:25,11,14,4317,22467
2023-09-07 13:57:26,10,14,4317,22467
2023-09-07 13:57:27,11,14,4317,22467
2023-09-07 13:57:28,10,14,4317,22467
2023-09-07 13:57:30,10,13,4317,22467
2023-09-07 13:58:06,9,13,4317,22467
2023-09-07 13:58:08,9,12,4317,22467
2023-09-07 13:58:25,9,11,4317,22467
2023-09-07 13:58:31,9,12,4317,22467
2023-09-07 13:58:34,10,12,4317,22467
2023-09-07 13:58:35,9,12,4317,22467
2023-09-07 13:58:36,10,12,4317,22467
2023-09-07 13:58:37,10,13,4317,22467
2023-09-07 13:58:37,9,13,4317,22467
2023-09-07 13:58:38,9,12,4317,22467
2023-09-07 13:58:40,10,13,4317,22467
2023-09-07 13:58:44,10,12,4317,22467
2023-09-07 13:58:45,9,12,4317,22467
2023-09-07 13:59:06,10,12,4317,22467
2023-09-07 13:59:07,9,12,4317,22467
2023-09-07 13:59:08,10,12,4317,22467
2023-09-07 13:59:09,9,12,4317,22467
2023-09-07 13:59:11,10,12,4317,22467
2023-09-07 13:59:12,9,12,4317,22467
2023-09-07 13:59:20,10,12,4317,22467
2023-09-07 13:59:21,9,12,4317,22467
2023-09-07 13:59:22,10,12,4317,22467
2023-09-07 13:59:23,9,12,4317,22467
2023-09-07 13:59:24,10,12,4317,22467
2023-09-07 13:59:25,9,12,4317,22467
2023-09-07 13:59:26,10,12,4317,22467
2023-09-07 13:59:27,9,12,4317,22467
2023-09-07 13:59:28,10,12,4317,22467
2023-09-07 13:59:29,9,12,4317,22467
2023-09-07 13:59:46,10,12,4317,22467
2023-09-07 13:59:47,9,12,4317,22467
2023-09-07 13:59:48,10,12,4317,22467
2023-09-07 13:59:49,9,12,4317,22467
2023-09-07 13:59:50,10,12,4317,22467
2023-09-07 13:59:51,9,12,4317,22467
2023-09-07 13:59:52,10,12,4317,22467
2023-09-07 13:59:53,9,12,4317,22467
2023-09-07 13:59:54,10,12,4317,22467
2023-09-07 13:59:55,9,12,4317,22467
2023-09-07 13:59:56,10,12,4317,22467
2023-09-07 13:59:57,9,12,4317,22467
2023-09-07 13:59:58,10,12,4317,22467
2023-09-07 13:59:59,9,12,4317,22467
2023-09-07 14:00:00,10,12,4317,22467
2023-09-07 14:00:02,9,12,4317,22467
2023-09-07 14:00:30,9,11,4317,22467
2023-09-07 14:01:44,9,10,4317,22467
2023-09-07 14:02:06,9,10,4317,22717
2023-09-07 14:02:37,7,9,4317,22727
2023-09-07 14:02:42,8,9,4317,22727
2023-09-07 14:02:43,7,9,4317,22727
2023-09-07 14:02:44,8,9,4317,22727
2023-09-07 14:02:45,7,9,4317,22727
2023-09-07 14:02:46,8,9,4317,22727
2023-09-07 14:02:47,7,9,4317,22727
2023-09-07 14:02:48,8,9,4317,22727
2023-09-07 14:02:49,7,9,4317,22727
2023-09-07 14:02:50,8,9,4317,22727
2023-09-07 14:02:51,7,9,4317,22727
2023-09-07 14:02:52,8,9,4317,22727
2023-09-07 14:02:53,7,9,4317,22727
2023-09-07 14:02:54,8,9,4317,22727
2023-09-07 14:02:55,7,9,4317,22727
2023-09-07 14:02:56,8,9,4317,22727
2023-09-07 14:02:57,7,9,4317,22727
2023-09-07 14:02:58,8,9,4317,22727
2023-09-07 14:02:59,7,9,4317,22727
2023-09-07 14:03:00,8,9,4317,22727
2023-09-07 14:03:01,7,9,4317,22727
2023-09-07 14:03:02,8,9,4317,22727
2023-09-07 14:03:03,7,9,4317,22727
2023-09-07 14:03:04,8,9,4317,22727
2023-09-07 14:03:05,7,9,4317,22727
2023-09-07 14:03:06,8,9,4317,22727
2023-09-07 14:03:21,7,9,4317,22727
2023-09-07 14:03:24,8,9,4317,22727
2023-09-07 14:03:25,7,9,4317,22727
2023-09-07 14:03:26,8,9,4317,22727
2023-09-07 14:03:27,7,9,4317,22727
2023-09-07 14:03:28,8,9,4317,22727
2023-09-07 14:03:29,7,9,4317,22727
2023-09-07 14:03:30,8,9,4317,22727
2023-09-07 14:03:31,7,9,4317,22727
2023-09-07 14:03:32,8,9,4317,22727
2023-09-07 14:03:33,7,9,4317,22727
2023-09-07 14:03:34,8,9,4317,22727
2023-09-07 14:03:35,7,9,4317,22727
2023-09-07 14:03:36,8,9,4317,22727
2023-09-07 14:03:37,7,9,4317,22727
2023-09-07 14:03:38,8,9,4317,22727
2023-09-07 14:03:39,7,9,4317,22727
2023-09-07 14:03:40,8,9,4317,22727
2023-09-07 14:03:41,7,9,4317,22727
2023-09-07 14:03:42,8,9,4317,22727
2023-09-07 14:03:43,7,9,4317,22727
2023-09-07 14:03:43,7,10,4317,22727
2023-09-07 14:03:44,8,10,4317,22727
2023-09-07 14:03:45,7,10,4317,22727
2023-09-07 14:03:46,8,10,4317,22727
2023-09-07 14:03:55,7,10,4317,22727
2023-09-07 14:03:59,8,10,4317,22727
2023-09-07 14:04:08,7,10,4317,22727
2023-09-07 14:04:09,8,10,4317,22727
2023-09-07 14:04:10,7,10,4317,22727
2023-09-07 14:04:11,8,10,4317,22727
2023-09-07 14:04:12,7,10,4317,22727
2023-09-07 14:04:44,7,9,4317,22727
2023-09-07 14:04:46,8,9,4317,22727
2023-09-07 14:04:47,7,9,4317,22727
2023-09-07 14:04:48,8,9,4317,22727
2023-09-07 14:04:49,7,9,4317,22727
2023-09-07 14:04:50,8,9,4317,22727
2023-09-07 14:04:51,7,9,4317,22727
2023-09-07 14:04:52,8,9,4317,22727
2023-09-07 14:04:53,7,9,4317,22727
2023-09-07 14:04:54,8,9,4317,22727
2023-09-07 14:04:55,7,9,4317,22727
2023-09-07 14:04:56,8,9,4317,22727
2023-09-07 14:04:57,7,9,4317,22727
2023-09-07 14:04:58,8,9,4317,22727
2023-09-07 14:05:00,7,9,4317,22727
2023-09-07 14:05:21,7,8,4317,22727
2023-09-07 14:06:15,7,9,4317,22727
2023-09-07 14:06:20,7,10,4317,22727
2023-09-07 14:06:21,8,10,4317,22727
2023-09-07 14:06:22,7,10,4317,22727
2023-09-07 14:06:23,8,10,4317,22727
2023-09-07 14:06:24,7,10,4317,22727
2023-09-07 14:06:25,8,10,4317,22727
2023-09-07 14:06:26,7,10,4317,22727
2023-09-07 14:06:27,8,10,4317,22727
2023-09-07 14:06:28,7,10,4317,22727
2023-09-07 14:06:29,8,10,4317,22727
2023-09-07 14:06:33,7,10,4317,22727
2023-09-07 14:06:35,8,10,4317,22727
2023-09-07 14:06:36,7,10,4317,22727
2023-09-07 14:06:36,7,11,4317,22727
2023-09-07 14:06:37,8,11,4317,22727
2023-09-07 14:06:38,7,11,4317,22727
2023-09-07 14:06:39,8,11,4317,22727
2023-09-07 14:06:40,7,11,4317,22727
2023-09-07 14:06:41,8,11,4317,22727
2023-09-07 14:06:42,7,11,4317,22727
2023-09-07 14:06:43,8,11,4317,22727
2023-09-07 14:06:44,7,11,4317,22727
2023-09-07 14:06:45,8,11,4317,22727
2023-09-07 14:06:46,7,11,4317,22727
2023-09-07 14:06:47,8,11,4317,22727
2023-09-07 14:06:48,7,11,4317,22727
2023-09-07 14:06:49,8,11,4317,22727
2023-09-07 14:06:50,7,11,4317,22727
2023-09-07 14:06:51,8,11,4317,22727
2023-09-07 14:06:52,7,11,4317,22727
2023-09-07 14:06:53,8,11,4317,22727
2023-09-07 14:06:54,7,11,4317,22727
2023-09-07 14:06:55,8,11,4317,22727
2023-09-07 14:06:56,7,11,4317,22727
2023-09-07 14:06:57,8,11,4317,22727
2023-09-07 14:07:07,7,11,4317,22727
2023-09-07 14:07:08,8,11,4317,22727
2023-09-07 14:07:09,7,11,4317,22727
2023-09-07 14:07:10,8,11,4317,22727
2023-09-07 14:07:11,7,11,4317,22727
2023-09-07 14:07:11,7,10,4317,22727
2023-09-07 14:07:12,8,10,4317,22727
2023-09-07 14:07:13,7,10,4317,22727
2023-09-07 14:07:14,8,10,4317,22727
2023-09-07 14:07:15,7,10,4317,22727
2023-09-07 14:07:16,8,10,4317,22727
2023-09-07 14:07:16,8,11,4317,22727
2023-09-07 14:07:17,7,11,4317,22727
2023-09-07 14:07:18,8,11,4317,22727
2023-09-07 14:07:19,7,11,4317,22727
2023-09-07 14:07:20,8,11,4317,22727
2023-09-07 14:07:21,7,11,4317,22727
2023-09-07 14:07:22,8,11,4317,22727
2023-09-07 14:07:23,7,11,4317,22727
2023-09-07 14:07:24,8,11,4317,22727
2023-09-07 14:07:25,7,11,4317,22727
2023-09-07 14:07:26,8,11,4317,22727
2023-09-07 14:07:27,7,11,4317,22727
2023-09-07 14:07:28,8,11,4317,22727
2023-09-07 14:07:29,7,11,4317,22727
2023-09-07 14:07:30,8,11,4317,22727
2023-09-07 14:07:31,7,11,4317,22727
2023-09-07 14:07:32,8,11,4317,22727
2023-09-07 14:07:33,7,11,4317,22727
2023-09-07 14:07:34,8,11,4317,22727
2023-09-07 14:07:52,9,11,4317,22727
2023-09-07 14:07:53,8,11,4317,22727
2023-09-07 14:07:54,9,11,4317,22727
2023-09-07 14:07:57,8,11,4317,22727
2023-09-07 14:08:03,9,11,4317,22727
2023-09-07 14:08:03,9,12,4317,22727
2023-09-07 14:08:10,10,12,4317,22727
2023-09-07 14:08:13,9,12,4317,22727
2023-09-07 14:08:30,9,11,4317,22727
2023-09-07 14:08:30,8,11,4317,22727
2023-09-07 14:08:37,9,11,4317,22727
2023-09-07 14:08:38,9,12,4317,22727
2023-09-07 14:09:13,8,12,4317,22727
2023-09-07 14:09:13,8,11,4317,22727
2023-09-07 14:09:20,9,11,4317,22727
2023-09-07 14:09:21,8,11,4317,22727
2023-09-07 14:09:27,9,11,4317,22727
2023-09-07 14:09:28,8,11,4317,22727
2023-09-07 14:09:30,9,11,4317,22727
2023-09-07 14:09:31,8,11,4317,22727
2023-09-07 14:09:32,9,11,4317,22727
2023-09-07 14:09:58,8,11,4317,22727
2023-09-07 14:09:59,9,11,4317,22727
2023-09-07 14:10:05,8,11,4317,22727
2023-09-07 14:10:10,9,11,4317,22727
2023-09-07 14:10:11,8,11,4317,22727
2023-09-07 14:10:15,9,11,4317,22727
2023-09-07 14:10:16,8,11,4317,22727
2023-09-07 14:10:17,9,11,4317,22727
2023-09-07 14:10:18,8,11,4317,22727
2023-09-07 14:10:20,9,11,4317,22727
2023-09-07 14:10:26,8,11,4317,22727
2023-09-07 14:11:14,7,11,4317,22727
2023-09-07 14:11:14,7,10,4317,22727
2023-09-07 14:11:17,8,10,4317,22727
2023-09-07 14:11:18,7,10,4317,22727
2023-09-07 14:11:18,8,10,4317,22727
2023-09-07 14:11:35,8,11,4317,22727
2023-09-07 14:11:50,9,11,4317,22727
2023-09-07 14:11:51,8,11,4317,22727
2023-09-07 14:12:05,9,11,4317,22727
2023-09-07 14:12:06,8,11,4317,22727
2023-09-07 14:12:07,9,11,4317,22727
2023-09-07 14:12:08,8,11,4317,22727
2023-09-07 14:12:12,9,11,4317,22727
2023-09-07 14:12:13,8,11,4317,22727
2023-09-07 14:12:14,9,11,4317,22727
2023-09-07 14:12:21,9,12,4317,22727
2023-09-07 14:12:28,10,12,4317,22727
2023-09-07 14:12:29,9,12,4317,22727
2023-09-07 14:12:42,9,11,4317,22727
2023-09-07 14:12:44,8,11,4317,22727
2023-09-07 14:12:59,8,10,4317,22727
2023-09-07 14:13:01,7,10,4317,22727
2023-09-07 14:13:02,8,10,4317,22727
2023-09-07 14:13:03,7,10,4317,22727
2023-09-07 14:13:14,7,9,4317,22727
2023-09-07 14:13:23,7,10,4317,22727
2023-09-07 14:13:25,8,10,4317,22727
2023-09-07 14:13:26,7,10,4317,22727
2023-09-07 14:13:27,8,10,4317,22727
2023-09-07 14:13:28,7,10,4317,22727
2023-09-07 14:13:29,8,10,4317,22727
2023-09-07 14:14:08,7,10,4317,22727
2023-09-07 14:14:29,8,10,4317,22727
2023-09-07 14:14:32,8,11,4317,22727
2023-09-07 14:14:38,9,11,4317,22727
2023-09-07 14:14:57,8,11,4317,22727
2023-09-07 14:15:10,8,10,4317,22727
2023-09-07 14:15:18,9,10,4317,22727
2023-09-07 14:15:18,9,11,4317,22727
2023-09-07 14:15:41,8,11,4317,22727
2023-09-07 14:16:00,8,10,4317,22727
2023-09-07 14:16:03,7,10,4317,22727
2023-09-07 14:16:21,8,10,4317,22727
2023-09-07 14:16:25,8,11,4317,22727
2023-09-07 14:16:27,9,11,4317,22727
2023-09-07 14:16:39,8,11,4317,22727
2023-09-07 14:16:49,9,11,4317,22727
2023-09-07 14:16:50,8,11,4317,22727
2023-09-07 14:16:56,9,11,4317,22727
2023-09-07 14:16:57,8,11,4317,22727
2023-09-07 14:17:06,9,11,4317,22727
2023-09-07 14:17:08,8,11,4317,22727
2023-09-07 14:17:34,9,11,4317,22727
2023-09-07 14:17:35,8,11,4317,22727
2023-09-07 14:17:57,8,10,4317,22727
2023-09-07 14:18:01,9,10,4317,22727
2023-09-07 14:18:02,8,10,4317,22727
2023-09-07 14:18:03,9,10,4317,22727
2023-09-07 14:18:04,8,10,4317,22727
2023-09-07 14:18:08,9,10,4317,22727
2023-09-07 14:18:09,8,10,4317,22727
2023-09-07 14:18:10,9,10,4317,22727
2023-09-07 14:18:11,8,10,4317,22727
2023-09-07 14:18:19,7,10,4317,22727
2023-09-07 14:18:23,8,10,4317,22727
2023-09-07 14:18:24,7,10,4317,22727
2023-09-07 14:18:39,8,10,4317,22727
2023-09-07 14:18:50,9,10,4317,22727
2023-09-07 14:18:54,8,10,4317,22727
2023-09-07 14:19:01,9,10,4317,22727
2023-09-07 14:19:02,8,10,4317,22727
2023-09-07 14:19:11,9,10,4317,22727
2023-09-07 14:19:12,8,10,4317,22727
2023-09-07 14:19:15,9,10,4317,22727
2023-09-07 14:19:16,8,10,4317,22727
2023-09-07 14:19:42,9,10,4317,22727
2023-09-07 14:19:43,8,10,4317,22727
2023-09-07 14:19:47,9,10,4317,22727
2023-09-07 14:19:48,8,10,4317,22727
2023-09-07 14:20:00,9,10,4317,22727
2023-09-07 14:20:17,9,10,4317,22927
2023-09-07 14:20:21,9,13,4317,22927
2023-09-07 14:20:25,9,12,4317,22927
2023-09-07 14:20:25,10,12,4317,22927
2023-09-07 14:20:26,10,13,4317,22927
2023-09-07 14:20:32,9,13,4317,22927
2023-09-07 14:20:34,10,13,4317,22927
2023-09-07 14:20:42,9,13,4317,22927
2023-09-07 14:20:47,10,13,4317,22927
2023-09-07 14:20:55,10,14,4317,22927
2023-09-07 14:20:56,11,14,4317,22927
2023-09-07 14:21:02,10,14,4317,22927
2023-09-07 14:21:16,11,14,4317,22927
2023-09-07 14:21:48,11,13,4317,22927
2023-09-07 14:21:48,10,13,4317,22927
2023-09-07 14:22:01,10,14,4317,22927
2023-09-07 14:22:04,10,13,4317,22927
2023-09-07 14:24:14,11,13,4317,22927
2023-09-07 14:24:14,11,14,4317,22927
2023-09-07 14:25:03,11,13,4317,22927
2023-09-07 14:25:21,10,13,4317,22927
2023-09-07 14:25:26,9,13,4317,22927
2023-09-07 14:25:26,9,12,4317,22927
2023-09-07 14:25:30,10,12,4317,22927
2023-09-07 14:25:30,10,13,4317,22927
2023-09-07 14:25:41,11,13,4317,22927
2023-09-07 14:27:07,10,13,4317,22927
2023-09-07 14:27:35,11,13,4317,22927
2023-09-07 14:28:07,10,13,4317,22927
2023-09-07 14:28:09,11,13,4317,22927
2023-09-07 14:28:10,10,13,4317,22927
2023-09-07 14:28:11,11,13,4317,22927
2023-09-07 14:28:12,10,13,4317,22927
2023-09-07 14:28:13,11,13,4317,22927
2023-09-07 14:28:14,10,13,4317,22927
2023-09-07 14:28:23,11,13,4317,22927
2023-09-07 14:28:24,10,13,4317,22927
2023-09-07 14:28:25,11,13,4317,22927
2023-09-07 14:28:26,10,13,4317,22927
2023-09-07 14:28:27,11,13,4317,22927
2023-09-07 14:28:28,10,13,4317,22927
