datetime,bid,ask,open_interest,volume
2023-12-21 09:30:01,2,26,502,1012
2023-12-21 09:30:01,2,27,502,1012
2023-12-21 09:30:01,2,36,502,1012
2023-12-21 09:31:00,22,36,502,1012
2023-12-21 09:31:00,22,28,502,1012
2023-12-21 09:31:00,22,25,502,1012
2023-12-21 09:31:00,23,25,502,1012
2023-12-21 09:31:01,23,26,502,1012
2023-12-21 09:31:07,23,26,660,1512
2023-12-21 09:31:08,23,25,660,1512
2023-12-21 09:31:11,23,26,660,1512
2023-12-21 09:31:11,23,25,660,1512
2023-12-21 09:31:16,22,25,1060,1912
2023-12-21 09:31:24,23,25,1060,1912
2023-12-21 09:31:32,23,26,1060,1912
2023-12-21 09:32:00,23,25,1060,1912
2023-12-21 09:32:06,23,26,860,2112
2023-12-21 09:32:11,23,25,860,2112
2023-12-21 09:32:17,22,25,860,2112
2023-12-21 09:32:21,23,25,860,2112
2023-12-21 09:32:27,22,25,860,2112
2023-12-21 09:32:32,22,24,860,2112
2023-12-21 09:32:39,22,25,860,2112
2023-12-21 09:32:40,22,24,860,2112
2023-12-21 09:32:56,22,25,860,2112
2023-12-21 09:33:00,23,25,860,2112
2023-12-21 09:33:00,23,25,860,2262
2023-12-21 09:33:01,23,24,860,2262
2023-12-21 09:33:04,22,25,502,2662
2023-12-21 09:33:06,23,25,502,2662
2023-12-21 09:33:07,22,25,502,2662
2023-12-21 09:33:13,23,25,502,2662
2023-12-21 09:33:15,22,25,502,2662
2023-12-21 09:33:19,23,25,502,2662
2023-12-21 09:33:27,23,26,502,2662
2023-12-21 09:33:28,23,25,502,2662
2023-12-21 09:33:31,23,26,502,2662
2023-12-21 09:33:36,23,25,502,2662
2023-12-21 09:33:42,23,26,502,2662
2023-12-21 09:33:43,23,25,502,2662
2023-12-21 09:33:59,22,25,502,2662
2023-12-21 09:34:04,22,24,502,2662
2023-12-21 09:34:10,21,24,502,2662
2023-12-21 09:34:13,22,24,502,2662
2023-12-21 09:34:15,21,24,502,2662
2023-12-21 09:34:18,22,24,502,2662
2023-12-21 09:34:21,21,24,502,2662
2023-12-21 09:34:26,22,24,502,2662
2023-12-21 09:34:42,22,25,502,2662
2023-12-21 09:34:43,22,24,502,2662
2023-12-21 09:34:46,22,25,502,2662
2023-12-21 09:34:50,23,25,502,2662
2023-12-21 09:34:52,22,25,502,2662
2023-12-21 09:34:57,23,25,502,2662
2023-12-21 09:35:02,23,26,502,2662
2023-12-21 09:35:28,24,26,502,2662
2023-12-21 09:35:35,24,27,502,2662
2023-12-21 09:35:37,25,27,502,2662
2023-12-21 09:35:42,24,27,502,2662
2023-12-21 09:35:44,24,26,502,2662
2023-12-21 09:35:45,24,27,502,2662
2023-12-21 09:35:52,24,26,502,2662
2023-12-21 09:36:12,24,25,502,2662
2023-12-21 09:36:13,24,26,502,2662
2023-12-21 09:36:35,25,26,502,2662
2023-12-21 09:36:35,25,26,622,2782
2023-12-21 09:36:47,23,25,622,2822
2023-12-21 09:36:47,24,25,622,2822
2023-12-21 09:36:49,22,25,622,2822
2023-12-21 09:36:49,23,25,622,2822
2023-12-21 09:36:52,23,24,622,2822
2023-12-21 09:36:52,22,24,622,2822
2023-12-21 09:37:13,23,24,622,2822
2023-12-21 09:37:14,22,24,622,2822
2023-12-21 09:37:15,23,24,622,2822
2023-12-21 09:37:31,22,24,622,2822
2023-12-21 09:37:34,22,23,622,2822
2023-12-21 09:37:34,21,23,622,2822
2023-12-21 09:37:34,22,23,622,2822
2023-12-21 09:37:35,21,23,622,2822
2023-12-21 09:37:37,21,22,622,2822
2023-12-21 09:37:37,20,22,622,2822
2023-12-21 09:37:52,20,21,622,2822
2023-12-21 09:37:56,20,22,622,2822
2023-12-21 09:37:56,21,22,622,2822
2023-12-21 09:37:56,21,22,682,2882
2023-12-21 09:37:56,20,22,682,2882
2023-12-21 09:37:57,21,22,682,2882
2023-12-21 09:38:01,21,23,682,2882
2023-12-21 09:38:04,21,24,682,2882
2023-12-21 09:38:05,22,24,682,2882
2023-12-21 09:38:11,22,25,682,2882
2023-12-21 09:38:17,22,24,682,2882
2023-12-21 09:38:18,22,25,682,2882
2023-12-21 09:38:19,23,25,682,2882
2023-12-21 09:38:23,22,25,682,2882
2023-12-21 09:38:23,24,25,682,2882
2023-12-21 09:38:23,22,25,682,2882
2023-12-21 09:38:23,24,25,682,2882
2023-12-21 09:38:23,22,25,682,2882
2023-12-21 09:38:23,24,25,682,2882
2023-12-21 09:38:35,23,25,682,2882
2023-12-21 09:38:35,24,25,682,2882
2023-12-21 09:38:55,23,25,682,2882
2023-12-21 09:38:55,24,25,682,2882
2023-12-21 09:39:04,24,26,682,3082
2023-12-21 09:39:04,25,26,682,3082
2023-12-21 09:39:16,25,27,682,3082
2023-12-21 09:39:16,26,27,682,3082
2023-12-21 09:39:21,26,28,995,3605
2023-12-21 09:39:22,27,28,995,3605
2023-12-21 09:39:52,26,28,995,3605
2023-12-21 09:39:52,27,28,995,3605
2023-12-21 09:39:59,26,28,995,3605
2023-12-21 09:40:01,27,28,995,3605
2023-12-21 09:40:11,26,28,995,3605
2023-12-21 09:40:16,25,28,995,3605
2023-12-21 09:40:16,26,28,995,3605
2023-12-21 09:40:19,26,27,995,3605
2023-12-21 09:40:19,25,27,995,3605
2023-12-21 09:40:27,24,27,995,3605
2023-12-21 09:40:27,24,26,995,3605
2023-12-21 09:40:31,23,26,995,3605
2023-12-21 09:40:44,23,25,995,3605
2023-12-21 09:40:46,23,26,995,3605
2023-12-21 09:40:46,23,25,995,3605
2023-12-21 09:40:47,23,26,995,3605
2023-12-21 09:40:47,24,26,995,3605
2023-12-21 09:40:50,23,26,995,3605
2023-12-21 09:40:53,23,25,995,3605
2023-12-21 09:40:54,23,26,995,3605
2023-12-21 09:40:54,23,25,995,3605
2023-12-21 09:40:56,23,26,995,3605
2023-12-21 09:40:56,23,25,995,3605
2023-12-21 09:40:57,23,26,995,3605
2023-12-21 09:40:59,24,26,995,3605
2023-12-21 09:41:01,23,26,995,3605
2023-12-21 09:41:01,24,26,995,3605
2023-12-21 09:41:02,24,25,995,3605
2023-12-21 09:41:03,24,26,995,3605
2023-12-21 09:41:04,24,25,995,3605
2023-12-21 09:41:17,24,26,995,3605
2023-12-21 09:41:17,23,26,995,3605
2023-12-21 09:41:17,24,26,995,3605
2023-12-21 09:41:17,24,25,995,3605
2023-12-21 09:41:21,24,26,995,3605
2023-12-21 09:41:24,24,25,995,3605
2023-12-21 09:41:27,23,25,995,3605
2023-12-21 09:41:32,23,26,995,3605
2023-12-21 09:41:32,24,26,995,3605
2023-12-21 09:41:37,24,25,995,3605
2023-12-21 09:41:38,23,25,995,3605
2023-12-21 09:41:46,24,25,995,3605
2023-12-21 09:41:49,23,25,995,3605
2023-12-21 09:41:58,23,24,995,3605
2023-12-21 09:41:59,23,24,995,3665
2023-12-21 09:42:00,22,24,995,3665
2023-12-21 09:42:19,22,23,995,3665
2023-12-21 09:42:20,22,24,995,3665
2023-12-21 09:42:20,22,23,995,3665
2023-12-21 09:42:34,22,24,995,3665
2023-12-21 09:42:44,22,23,995,3665
2023-12-21 09:43:06,22,24,995,3665
2023-12-21 09:43:08,22,23,995,3665
2023-12-21 09:43:10,22,24,995,3665
2023-12-21 09:43:11,22,23,995,3665
2023-12-21 09:43:12,22,24,995,3665
2023-12-21 09:43:17,22,23,995,3665
2023-12-21 09:43:27,22,24,995,3665
2023-12-21 09:43:44,23,24,995,3665
2023-12-21 09:44:03,23,25,995,3665
2023-12-21 09:44:03,24,25,995,3665
2023-12-21 09:44:04,24,26,995,3665
2023-12-21 09:44:04,23,26,995,3665
2023-12-21 09:44:05,23,25,995,3665
2023-12-21 09:44:17,23,26,995,3665
2023-12-21 09:44:17,24,26,995,3665
2023-12-21 09:44:32,25,26,995,3665
2023-12-21 09:45:03,24,26,995,3665
2023-12-21 09:45:13,23,26,995,3665
2023-12-21 09:45:19,24,26,995,3665
2023-12-21 09:45:35,25,26,995,3665
2023-12-21 09:45:37,24,26,995,3665
2023-12-21 09:45:37,25,26,995,3665
2023-12-21 09:45:38,23,26,995,3665
2023-12-21 09:45:38,24,26,995,3665
2023-12-21 09:45:47,24,25,995,3665
2023-12-21 09:45:47,23,25,995,3665
2023-12-21 09:45:54,22,25,995,3665
2023-12-21 09:46:01,23,25,995,3665
2023-12-21 09:46:12,23,26,995,3665
2023-12-21 09:46:12,24,26,995,3665
2023-12-21 09:46:13,24,25,995,3665
2023-12-21 09:46:13,23,25,995,3665
2023-12-21 09:46:14,24,25,995,3665
2023-12-21 09:46:16,23,25,995,3665
2023-12-21 09:46:17,24,25,995,3665
2023-12-21 09:46:22,23,25,995,3665
2023-12-21 09:46:22,24,25,995,3665
2023-12-21 09:46:30,24,26,995,3665
2023-12-21 09:46:31,24,25,995,3665
2023-12-21 09:46:43,24,26,995,3665
2023-12-21 09:46:45,25,26,995,3665
2023-12-21 09:46:47,24,26,995,3665
2023-12-21 09:46:49,25,26,995,3665
2023-12-21 09:46:52,24,26,995,3665
2023-12-21 09:46:55,25,26,995,3665
2023-12-21 09:47:02,25,27,995,3665
2023-12-21 09:47:02,26,27,995,3665
2023-12-21 09:47:28,25,27,995,3665
2023-12-21 09:47:28,26,27,995,3665
2023-12-21 09:47:31,25,27,995,3665
2023-12-21 09:47:31,26,27,995,3665
2023-12-21 09:47:32,25,27,995,3665
2023-12-21 09:47:37,25,26,995,3665
2023-12-21 09:47:38,24,26,995,3665
2023-12-21 09:47:52,23,26,995,3665
2023-12-21 09:47:53,23,25,995,3665
2023-12-21 09:47:56,23,26,995,3665
2023-12-21 09:48:04,24,26,995,3665
2023-12-21 09:48:12,24,25,995,3665
2023-12-21 09:48:13,23,25,995,3665
2023-12-21 09:48:14,24,25,995,3665
2023-12-21 09:48:15,23,25,995,3665
2023-12-21 09:48:19,24,25,995,3665
2023-12-21 09:48:20,24,26,995,3665
2023-12-21 09:48:35,25,26,995,3665
2023-12-21 09:48:36,24,26,995,3665
2023-12-21 09:48:36,25,26,995,3665
2023-12-21 09:48:39,25,27,995,3665
2023-12-21 09:49:05,24,27,995,3665
2023-12-21 09:49:05,25,27,995,3665
2023-12-21 09:49:15,24,27,995,3665
2023-12-21 09:49:15,26,27,995,3665
2023-12-21 09:49:15,24,27,995,3665
2023-12-21 09:49:15,26,27,995,3665
2023-12-21 09:49:16,24,27,995,3665
2023-12-21 09:49:16,25,27,995,3665
2023-12-21 09:49:17,25,27,995,3665
2023-12-21 09:49:31,24,27,995,3665
2023-12-21 09:49:31,25,27,995,3665
2023-12-21 09:49:32,25,26,995,3665
2023-12-21 09:49:33,25,27,995,3665
2023-12-21 09:49:33,25,27,1994,4664
2023-12-21 09:49:33,25,26,1994,4664
2023-12-21 09:49:34,25,27,1994,4664
2023-12-21 09:49:35,26,27,1994,4664
2023-12-21 09:49:37,25,27,1994,4664
2023-12-21 09:49:37,25,26,1994,4664
2023-12-21 09:49:48,24,26,1994,4664
2023-12-21 09:49:50,25,26,1994,4664
2023-12-21 09:49:53,24,26,1994,4664
2023-12-21 09:50:04,25,26,1994,4664
2023-12-21 09:50:06,24,26,1994,4664
2023-12-21 09:50:09,24,25,1994,4664
2023-12-21 09:50:11,24,26,1994,4664
2023-12-21 09:50:11,24,25,1994,4664
2023-12-21 09:50:14,24,26,1994,4664
2023-12-21 09:50:16,24,25,1994,4664
2023-12-21 09:50:17,24,26,1994,4664
2023-12-21 09:50:18,24,25,1994,4664
2023-12-21 09:50:21,24,26,1994,4664
2023-12-21 09:50:21,24,25,1994,4664
2023-12-21 09:50:22,24,26,1994,4664
2023-12-21 09:50:22,24,25,1994,4664
2023-12-21 09:50:23,24,26,1994,4664
2023-12-21 09:50:27,24,25,1994,4664
2023-12-21 09:50:35,24,26,1994,4664
2023-12-21 09:50:35,24,25,1994,4664
2023-12-21 09:50:45,24,26,1994,4664
2023-12-21 09:50:45,24,25,1994,4664
2023-12-21 09:50:50,24,26,1994,4664
2023-12-21 09:50:50,24,25,1994,4664
2023-12-21 09:51:00,24,26,1994,4664
2023-12-21 09:51:01,24,25,1994,4664
2023-12-21 09:51:06,24,26,1994,4664
2023-12-21 09:51:06,24,25,1994,4664
2023-12-21 09:51:07,24,26,1994,4664
2023-12-21 09:51:07,24,25,1994,4664
2023-12-21 09:51:09,24,26,1994,4664
2023-12-21 09:51:10,25,26,1994,4664
2023-12-21 09:51:12,25,27,1994,4664
2023-12-21 09:51:25,25,26,1994,4664
2023-12-21 09:51:26,25,27,1994,4664
2023-12-21 09:51:26,25,26,1994,4664
2023-12-21 09:51:40,25,27,1994,4664
2023-12-21 09:51:42,25,26,1994,4664
2023-12-21 09:51:49,25,27,1994,4664
2023-12-21 09:51:55,25,26,1994,4664
2023-12-21 09:51:57,25,27,1994,4664
2023-12-21 09:51:58,25,26,1994,4664
2023-12-21 09:51:59,25,27,1994,4664
2023-12-21 09:52:00,25,26,1994,4664
2023-12-21 09:52:01,25,27,1994,4792
2023-12-21 09:52:06,26,27,1994,4792
2023-12-21 09:52:10,25,27,1994,4792
2023-12-21 09:52:10,25,26,1994,4792
2023-12-21 09:52:11,25,27,1994,4792
2023-12-21 09:52:14,26,27,1994,4792
2023-12-21 09:52:21,26,28,1994,4792
2023-12-21 09:52:33,26,27,1994,4792
2023-12-21 09:52:45,26,28,2002,4892
2023-12-21 09:52:45,26,27,2002,4892
2023-12-21 09:52:56,26,28,2002,4892
2023-12-21 09:52:56,26,27,2002,4892
2023-12-21 09:53:07,25,27,2002,4892
2023-12-21 09:53:24,26,27,2002,4892
2023-12-21 09:53:25,25,27,2002,4892
2023-12-21 09:53:26,26,27,2002,4892
2023-12-21 09:53:29,25,27,2002,4892
2023-12-21 09:53:30,26,27,2002,4892
2023-12-21 09:53:32,25,27,2002,4892
2023-12-21 09:53:32,26,27,2002,4892
2023-12-21 09:53:34,25,27,2002,4892
2023-12-21 09:53:35,26,27,2002,4892
2023-12-21 09:53:43,25,27,2002,4892
2023-12-21 09:53:43,26,27,2002,4892
2023-12-21 09:53:52,26,28,2002,4892
2023-12-21 09:54:02,27,28,2002,4892
2023-12-21 09:54:04,25,28,2002,4892
2023-12-21 09:54:04,26,28,2002,4892
2023-12-21 09:54:08,26,27,2002,4892
2023-12-21 09:54:21,25,27,2002,4892
2023-12-21 09:54:29,26,27,2002,4892
2023-12-21 09:54:31,25,27,2002,4892
2023-12-21 09:54:32,26,27,2002,4892
2023-12-21 09:54:32,25,27,2002,4892
2023-12-21 09:54:33,25,26,2002,4892
2023-12-21 09:54:54,24,26,2002,4892
2023-12-21 09:54:55,24,25,2002,4892
2023-12-21 09:55:11,24,26,2002,4892
2023-12-21 09:55:11,24,25,2002,4892
2023-12-21 09:55:17,24,26,2002,4892
2023-12-21 09:55:19,24,25,2002,4892
2023-12-21 09:55:20,24,26,2002,4892
2023-12-21 09:55:20,24,25,2002,4892
2023-12-21 09:55:30,24,26,2002,4892
2023-12-21 09:55:30,24,25,2002,4892
2023-12-21 09:55:34,24,26,2002,4892
2023-12-21 09:55:34,24,25,2002,4892
2023-12-21 09:55:41,24,26,2002,4892
2023-12-21 09:55:41,24,25,2002,4892
2023-12-21 09:55:52,24,26,2002,4892
2023-12-21 09:55:52,24,25,2002,4892
2023-12-21 09:56:03,24,26,2178,5068
2023-12-21 09:56:14,24,25,2178,5068
2023-12-21 09:56:17,24,26,2178,5068
2023-12-21 09:56:18,24,25,2178,5068
2023-12-21 09:56:33,24,26,2178,5068
2023-12-21 09:56:35,24,25,2178,5068
2023-12-21 09:56:45,23,25,1779,5467
2023-12-21 09:57:00,23,24,1779,5467
2023-12-21 09:57:01,23,25,1779,5467
2023-12-21 09:57:02,24,25,1779,5467
2023-12-21 09:57:06,23,25,1779,5467
2023-12-21 09:57:06,23,24,1779,5467
2023-12-21 09:57:14,22,24,1779,5467
2023-12-21 09:57:15,23,24,1779,5467
2023-12-21 09:57:16,22,24,1779,5467
2023-12-21 09:57:19,23,24,1779,5467
2023-12-21 09:57:20,22,24,1779,5467
2023-12-21 09:57:24,22,23,1779,5467
2023-12-21 09:58:15,21,23,1779,5467
2023-12-21 09:58:15,21,22,1779,5467
2023-12-21 09:58:16,21,23,1779,5467
2023-12-21 09:58:21,21,22,1779,5467
2023-12-21 09:58:22,21,23,1779,5467
2023-12-21 09:58:25,21,22,1779,5467
2023-12-21 09:58:26,21,23,1779,5467
2023-12-21 09:58:28,21,22,1779,5467
2023-12-21 09:58:44,21,23,1779,5467
2023-12-21 09:58:56,21,22,1779,5467
2023-12-21 09:59:51,21,23,1779,5467
2023-12-21 09:59:59,21,22,1779,5467
2023-12-21 10:00:02,21,23,1779,5467
2023-12-21 10:00:02,22,23,1779,5467
2023-12-21 10:00:02,22,23,1779,5487
2023-12-21 10:00:03,21,23,1779,5487
2023-12-21 10:00:04,22,23,1779,5487
2023-12-21 10:00:07,21,23,1779,5487
2023-12-21 10:00:08,22,23,1779,5487
2023-12-21 10:00:12,21,23,1779,5487
2023-12-21 10:00:18,22,23,1779,5487
2023-12-21 10:00:19,22,24,1779,5487
2023-12-21 10:00:20,22,23,1779,5487
2023-12-21 10:00:21,22,24,1779,5487
2023-12-21 10:00:29,22,23,1779,5487
2023-12-21 10:00:29,21,23,1779,5487
2023-12-21 10:00:42,22,23,1779,5487
2023-12-21 10:00:45,21,23,1779,5487
2023-12-21 10:00:45,22,23,1779,5487
2023-12-21 10:00:46,21,23,1779,5487
2023-12-21 10:00:47,22,23,1779,5487
2023-12-21 10:00:49,22,24,1779,5487
2023-12-21 10:00:54,22,23,1779,5487
2023-12-21 10:00:54,21,23,1779,5487
2023-12-21 10:01:15,22,23,1779,5487
2023-12-21 10:01:17,22,24,1779,5487
2023-12-21 10:01:29,22,25,1779,5487
2023-12-21 10:01:29,23,25,1779,5487
2023-12-21 10:01:38,24,25,1779,5487
2023-12-21 10:01:40,23,25,1779,5487
2023-12-21 10:01:40,24,25,1779,5487
2023-12-21 10:01:42,23,25,1779,5487
2023-12-21 10:01:45,24,25,1779,5487
2023-12-21 10:01:56,23,25,1779,5487
2023-12-21 10:01:56,24,25,1779,5487
2023-12-21 10:02:03,23,25,1779,5487
2023-12-21 10:02:21,23,24,1779,5487
2023-12-21 10:02:22,23,25,1779,5487
2023-12-21 10:02:25,23,24,1779,5487
2023-12-21 10:02:26,22,24,1779,5487
2023-12-21 10:02:49,22,23,1779,5487
2023-12-21 10:02:49,21,23,1779,5487
2023-12-21 10:03:06,21,22,1779,5487
2023-12-21 10:03:16,21,23,1779,5487
2023-12-21 10:03:47,21,22,1779,5487
2023-12-21 10:03:49,21,22,1779,5497
2023-12-21 10:04:45,20,22,1779,5497
2023-12-21 10:04:46,20,21,1779,5497
2023-12-21 10:04:52,20,22,1779,5497
2023-12-21 10:04:52,20,21,1779,5497
2023-12-21 10:05:04,19,21,1779,5497
2023-12-21 10:05:07,19,20,1779,5497
2023-12-21 10:05:13,18,20,1779,5497
2023-12-21 10:05:26,18,19,1779,5497
2023-12-21 10:05:29,18,20,1779,5497
2023-12-21 10:05:29,18,19,1779,5497
2023-12-21 10:05:31,18,20,1779,5497
2023-12-21 10:05:48,19,20,1779,5497
2023-12-21 10:05:50,18,20,1779,5497
2023-12-21 10:05:53,19,20,1779,5497
2023-12-21 10:06:00,18,20,1779,5497
2023-12-21 10:06:01,19,20,1779,5497
2023-12-21 10:06:02,18,20,1779,5497
2023-12-21 10:06:03,19,20,1779,5497
2023-12-21 10:06:05,18,20,1779,5497
2023-12-21 10:06:07,19,20,1779,5497
2023-12-21 10:06:11,18,20,1779,5497
2023-12-21 10:06:15,19,20,1779,5497
2023-12-21 10:06:17,18,20,1637,5639
2023-12-21 10:06:18,18,19,1637,5639
2023-12-21 10:06:30,17,19,1637,5639
2023-12-21 10:06:45,17,18,1637,5639
2023-12-21 10:07:01,17,19,1637,5639
2023-12-21 10:07:17,17,18,1637,5639
2023-12-21 10:07:21,17,19,1637,5639
2023-12-21 10:07:22,17,18,1637,5639
2023-12-21 10:07:23,17,19,1637,5639
2023-12-21 10:07:26,17,18,1637,5639
2023-12-21 10:07:52,16,18,1637,5639
2023-12-21 10:07:52,16,17,1637,5639
2023-12-21 10:09:04,15,17,1637,5639
2023-12-21 10:09:32,16,17,1637,5639
2023-12-21 10:09:39,16,18,1637,5639
2023-12-21 10:09:41,17,18,1637,5639
2023-12-21 10:09:43,16,18,1637,5639
2023-12-21 10:09:46,16,17,1637,5639
2023-12-21 10:09:49,16,18,2192,6194
2023-12-21 10:09:59,16,17,2192,6194
2023-12-21 10:10:01,16,18,2192,6194
2023-12-21 10:10:01,16,17,2192,6194
2023-12-21 10:10:14,16,18,2192,6194
2023-12-21 10:10:14,16,17,2192,6194
2023-12-21 10:10:27,16,18,2192,6194
2023-12-21 10:10:33,17,18,2192,6194
2023-12-21 10:10:34,17,19,2192,6194
2023-12-21 10:10:40,18,19,2192,6194
2023-12-21 10:10:57,17,19,1815,6604
2023-12-21 10:11:02,17,18,1815,6604
2023-12-21 10:11:04,17,19,1815,6604
2023-12-21 10:11:05,17,18,1815,6604
2023-12-21 10:11:07,16,18,1815,6604
2023-12-21 10:11:09,16,19,1815,6604
2023-12-21 10:11:11,16,18,1815,6604
2023-12-21 10:11:21,17,18,1815,6604
2023-12-21 10:11:22,16,18,1815,6604
2023-12-21 10:11:25,16,17,1815,6604
2023-12-21 10:11:31,16,18,1815,6604
2023-12-21 10:11:38,16,17,1815,6604
2023-12-21 10:11:43,15,17,1815,6604
2023-12-21 10:11:47,16,17,1815,6604
2023-12-21 10:11:49,15,17,1815,6604
2023-12-21 10:11:51,16,17,1815,6604
2023-12-21 10:12:02,16,18,1815,6604
2023-12-21 10:12:02,16,17,1815,6604
2023-12-21 10:12:04,16,18,1815,6604
2023-12-21 10:12:05,16,17,1815,6604
2023-12-21 10:12:09,16,18,1815,6604
2023-12-21 10:12:12,16,17,1815,6604
2023-12-21 10:12:25,16,18,1815,6604
2023-12-21 10:12:28,16,17,1815,6604
2023-12-21 10:12:30,16,18,1815,6604
2023-12-21 10:12:33,17,18,1815,6604
2023-12-21 10:12:33,17,19,1815,6604
2023-12-21 10:12:42,17,18,1815,6604
2023-12-21 10:12:44,17,19,1815,6604
2023-12-21 10:12:46,17,18,1815,6604
2023-12-21 10:12:53,17,19,1815,6604
2023-12-21 10:13:07,17,18,1815,6604
2023-12-21 10:13:08,17,19,1815,6604
2023-12-21 10:13:08,17,18,1815,6604
2023-12-21 10:13:11,17,19,1815,6604
2023-12-21 10:13:16,17,18,1815,6604
2023-12-21 10:13:17,17,19,1815,6604
2023-12-21 10:13:21,18,19,1815,6604
2023-12-21 10:13:23,17,19,1815,6604
2023-12-21 10:13:24,18,19,1815,6604
2023-12-21 10:13:27,18,20,1815,6604
2023-12-21 10:13:36,19,20,1815,6604
2023-12-21 10:13:38,20,21,1815,6604
2023-12-21 10:13:46,20,22,1815,6604
2023-12-21 10:13:53,21,22,1815,6604
2023-12-21 10:13:55,20,22,1815,6604
2023-12-21 10:13:57,21,22,1815,6604
2023-12-21 10:14:01,20,22,1815,6604
2023-12-21 10:14:08,20,21,1815,6604
2023-12-21 10:14:12,20,22,1815,6604
2023-12-21 10:14:25,21,22,1815,6604
2023-12-21 10:14:55,20,22,1815,6604
2023-12-21 10:15:00,21,22,1815,6604
2023-12-21 10:15:04,20,22,1815,6604
2023-12-21 10:15:06,20,21,1815,6604
2023-12-21 10:15:08,18,21,1815,6604
2023-12-21 10:15:10,19,21,1815,6604
2023-12-21 10:15:13,18,21,1815,6604
2023-12-21 10:15:18,19,21,1815,6604
2023-12-21 10:15:21,18,21,1815,6604
2023-12-21 10:15:23,18,20,1815,6604
2023-12-21 10:15:41,19,20,1815,6604
2023-12-21 10:15:44,18,20,1815,6604
2023-12-21 10:15:46,19,20,1815,6604
2023-12-21 10:15:48,19,21,1815,6604
2023-12-21 10:16:00,19,22,1815,6604
2023-12-21 10:16:01,20,22,1815,6604
2023-12-21 10:16:09,21,22,1815,6604
2023-12-21 10:16:11,20,22,1815,6604
2023-12-21 10:16:12,21,22,1815,6604
2023-12-21 10:16:22,21,22,2370,7159
2023-12-21 10:16:27,20,22,2370,7159
2023-12-21 10:16:42,21,22,2370,7159
2023-12-21 10:16:48,20,22,2370,7159
2023-12-21 10:16:50,21,22,2370,7159
2023-12-21 10:16:52,21,23,2370,7159
2023-12-21 10:16:54,21,22,2370,7159
2023-12-21 10:17:32,21,23,2370,7159
2023-12-21 10:17:32,22,23,2370,7159
2023-12-21 10:17:45,22,24,2370,7159
2023-12-21 10:17:50,23,24,2370,7159
2023-12-21 10:17:51,22,24,2370,7159
2023-12-21 10:17:51,22,23,2370,7159
2023-12-21 10:18:14,22,24,2370,7159
2023-12-21 10:18:14,23,24,2370,7159
2023-12-21 10:18:36,22,24,2370,7159
2023-12-21 10:18:42,23,24,2370,7159
2023-12-21 10:18:43,22,24,2370,7159
2023-12-21 10:18:46,23,24,2370,7159
2023-12-21 10:19:25,23,25,2370,7159
2023-12-21 10:19:25,24,25,2370,7159
2023-12-21 10:19:31,23,25,2370,7159
2023-12-21 10:19:44,23,24,2370,7159
2023-12-21 10:20:05,23,25,2370,7159
2023-12-21 10:20:06,24,25,2370,7159
2023-12-21 10:20:08,23,25,2370,7159
2023-12-21 10:20:08,24,25,2370,7159
2023-12-21 10:20:14,23,25,2370,7159
2023-12-21 10:20:17,24,25,2370,7159
2023-12-21 10:20:21,23,25,2370,7159
2023-12-21 10:20:29,23,24,2370,7159
2023-12-21 10:20:35,23,25,3369,8158
2023-12-21 10:20:38,24,25,3369,8158
2023-12-21 10:20:40,23,25,3369,8158
2023-12-21 10:20:42,24,25,3369,8158
2023-12-21 10:21:06,24,25,3369,8358
2023-12-21 10:21:09,24,25,3369,8376
2023-12-21 10:21:11,24,25,3369,8576
2023-12-21 10:21:11,24,25,3369,9376
2023-12-21 10:21:14,24,25,3369,9576
2023-12-21 10:21:22,24,25,3369,9776
2023-12-21 10:21:22,24,26,4751,11158
2023-12-21 10:21:22,25,26,4751,11158
2023-12-21 10:21:38,25,27,4951,11358
2023-12-21 10:22:01,26,27,4951,11358
2023-12-21 10:22:04,26,28,4951,11358
2023-12-21 10:22:17,27,28,4951,11358
2023-12-21 10:22:24,27,29,4951,11358
2023-12-21 10:22:31,27,31,6570,12977
2023-12-21 10:22:32,28,31,6570,12977
2023-12-21 10:22:32,28,30,6570,12977
2023-12-21 10:22:36,28,31,6570,12977
2023-12-21 10:22:36,28,30,6570,12977
2023-12-21 10:22:37,29,30,6570,12977
2023-12-21 10:22:37,29,31,6570,12977
2023-12-21 10:22:38,29,30,6570,12977
2023-12-21 10:22:39,29,31,6570,12977
2023-12-21 10:22:41,29,30,6570,12977
2023-12-21 10:22:42,28,30,6370,13177
2023-12-21 10:23:01,29,30,6370,13177
2023-12-21 10:23:03,29,31,6370,13177
2023-12-21 10:23:16,29,30,6370,13177
2023-12-21 10:23:17,29,31,6370,13177
2023-12-21 10:23:22,30,31,6370,13177
2023-12-21 10:23:31,29,31,6370,13177
2023-12-21 10:23:31,30,31,6370,13177
2023-12-21 10:23:44,31,32,6211,13336
2023-12-21 10:23:44,30,32,6211,13377
2023-12-21 10:23:51,30,31,6211,13377
2023-12-21 10:23:56,29,31,6211,13377
2023-12-21 10:24:04,29,30,6211,13377
2023-12-21 10:24:11,29,31,6211,13377
2023-12-21 10:24:11,29,30,6211,13377
2023-12-21 10:24:22,30,31,6137,13532
2023-12-21 10:24:23,29,31,6137,13532
2023-12-21 10:24:24,30,31,6137,13532
2023-12-21 10:24:28,29,31,6137,13532
2023-12-21 10:24:30,30,31,6137,13532
2023-12-21 10:25:01,30,32,6137,13532
2023-12-21 10:25:01,30,31,6137,13532
2023-12-21 10:25:06,29,31,6137,13532
2023-12-21 10:25:07,29,30,6137,13532
2023-12-21 10:25:29,28,30,6137,13532
2023-12-21 10:25:29,27,30,6137,13532
2023-12-21 10:25:29,28,30,6137,13532
2023-12-21 10:25:29,28,29,6137,13532
2023-12-21 10:25:36,28,30,6137,13532
2023-12-21 10:25:36,28,29,6137,13532
2023-12-21 10:25:46,27,29,6137,13532
2023-12-21 10:25:47,27,28,6137,13532
2023-12-21 10:25:47,27,29,6137,13532
2023-12-21 10:25:47,27,28,6137,13532
2023-12-21 10:25:54,27,29,6137,13532
2023-12-21 10:25:54,27,28,6137,13532
2023-12-21 10:25:56,26,28,6137,13532
2023-12-21 10:26:01,27,28,6137,13532
2023-12-21 10:26:03,26,28,6137,13532
2023-12-21 10:26:04,27,28,6137,13532
2023-12-21 10:26:07,26,28,6137,13532
2023-12-21 10:26:08,27,28,6137,13532
2023-12-21 10:26:09,26,28,6137,13532
2023-12-21 10:26:10,26,27,6137,13532
2023-12-21 10:26:21,25,27,6137,13532
2023-12-21 10:26:22,25,26,6137,13532
2023-12-21 10:26:23,24,26,6137,13532
2023-12-21 10:26:24,24,25,6137,13532
2023-12-21 10:26:24,23,25,6137,13532
2023-12-21 10:26:27,23,24,6137,13532
2023-12-21 10:26:30,22,24,6137,13532
2023-12-21 10:26:32,23,24,6137,13532
2023-12-21 10:26:47,22,24,6137,13532
2023-12-21 10:26:48,22,23,6137,13532
2023-12-21 10:26:52,22,24,6137,13532
2023-12-21 10:27:00,23,24,6137,13532
2023-12-21 10:27:06,22,24,6137,13532
2023-12-21 10:27:06,22,23,6137,13532
2023-12-21 10:27:14,21,23,6137,13532
2023-12-21 10:27:26,21,22,6137,13532
2023-12-21 10:27:34,21,23,6137,13532
2023-12-21 10:27:34,21,22,6137,13532
2023-12-21 10:27:45,20,21,6137,14532
2023-12-21 10:28:04,19,21,6137,14532
2023-12-21 10:28:08,19,20,6137,14532
2023-12-21 10:28:08,19,20,6137,14654
2023-12-21 10:28:16,18,20,6137,14654
2023-12-21 10:28:20,18,19,6137,14654
2023-12-21 10:28:23,18,20,6137,14654
2023-12-21 10:28:40,19,20,6137,14654
2023-12-21 10:28:40,19,21,6137,14654
2023-12-21 10:28:41,18,21,6137,14654
2023-12-21 10:28:41,18,20,6137,14654
2023-12-21 10:28:44,18,21,6137,14654
2023-12-21 10:28:44,18,20,6137,14654
2023-12-21 10:28:49,19,20,6137,14654
2023-12-21 10:28:55,19,21,6137,14654
2023-12-21 10:29:01,19,21,7136,15653
2023-12-21 10:29:03,20,21,7136,15653
2023-12-21 10:29:10,20,22,7136,15653
2023-12-21 10:29:13,21,22,7136,15653
2023-12-21 10:29:24,20,22,7136,15653
2023-12-21 10:29:25,21,22,7136,15653
2023-12-21 10:29:31,20,22,7136,15653
2023-12-21 10:29:31,20,21,7136,15653
2023-12-21 10:29:33,20,22,7136,15653
2023-12-21 10:29:33,20,21,7136,15653
2023-12-21 10:29:39,19,21,7136,15653
2023-12-21 10:29:50,19,20,7136,15653
2023-12-21 10:30:01,19,21,7136,15653
2023-12-21 10:30:01,19,22,7136,15653
2023-12-21 10:30:01,20,22,7136,15653
2023-12-21 10:30:16,20,21,7136,15653
2023-12-21 10:30:17,20,22,7136,15653
2023-12-21 10:30:17,20,21,7136,15653
2023-12-21 10:30:32,20,22,7136,15653
2023-12-21 10:30:32,21,22,7136,15653
2023-12-21 10:30:33,21,23,7136,15653
2023-12-21 10:30:34,22,23,7136,15653
2023-12-21 10:30:35,21,23,7136,15653
2023-12-21 10:30:51,21,22,7136,15653
2023-12-21 10:31:05,20,22,7136,15653
2023-12-21 10:31:05,19,22,7136,15653
2023-12-21 10:31:05,20,22,7136,15653
2023-12-21 10:31:10,21,22,7136,15653
2023-12-21 10:31:15,20,22,7136,15653
2023-12-21 10:31:17,20,21,7136,15653
2023-12-21 10:31:21,20,22,7136,15653
2023-12-21 10:31:21,20,21,7136,15653
2023-12-21 10:31:22,20,22,7136,15653
2023-12-21 10:31:25,20,21,7136,15653
2023-12-21 10:31:29,20,22,7136,15653
2023-12-21 10:31:31,20,21,7136,15653
2023-12-21 10:31:38,20,22,7136,15653
2023-12-21 10:31:38,21,22,7136,15653
2023-12-21 10:32:14,21,23,7136,15653
2023-12-21 10:32:16,22,23,7136,15653
2023-12-21 10:32:23,21,23,7136,15653
2023-12-21 10:32:28,22,23,7136,15653
2023-12-21 10:32:31,21,23,7136,15653
2023-12-21 10:32:31,21,22,7136,15653
2023-12-21 10:32:35,21,23,7136,15653
2023-12-21 10:32:49,22,23,7136,15653
2023-12-21 10:33:36,21,23,7136,15653
2023-12-21 10:33:36,21,22,7136,15653
2023-12-21 10:33:38,21,23,7136,15653
2023-12-21 10:33:39,21,22,7136,15653
2023-12-21 10:33:39,21,23,7136,15653
2023-12-21 10:33:39,21,22,7136,15653
2023-12-21 10:33:47,20,22,7136,15653
2023-12-21 10:33:47,20,21,7136,15653
2023-12-21 10:33:49,20,22,7136,15653
2023-12-21 10:33:49,20,21,7136,15653
2023-12-21 10:33:56,20,22,7136,15653
2023-12-21 10:33:56,21,22,7136,15653
2023-12-21 10:34:02,20,22,7136,15653
2023-12-21 10:34:02,20,21,7136,15653
2023-12-21 10:34:06,20,22,7136,15653
2023-12-21 10:34:06,20,21,7136,15653
2023-12-21 10:34:07,20,22,7136,15653
2023-12-21 10:34:07,21,22,7136,15653
2023-12-21 10:34:16,21,23,7136,15653
2023-12-21 10:34:21,22,23,7136,15653
2023-12-21 10:34:44,22,24,7136,15653
2023-12-21 10:34:44,23,24,7136,15653
2023-12-21 10:35:33,22,24,7136,15653
2023-12-21 10:35:42,22,23,7136,15653
2023-12-21 10:35:42,21,23,7136,15653
2023-12-21 10:35:45,22,23,7136,15653
2023-12-21 10:35:55,21,23,7136,15653
2023-12-21 10:35:57,21,22,7136,15653
2023-12-21 10:36:01,21,23,7136,15653
2023-12-21 10:36:08,22,23,7136,15653
2023-12-21 10:36:09,21,23,7136,15653
2023-12-21 10:36:10,22,23,7136,15653
2023-12-21 10:36:17,22,24,7136,15653
2023-12-21 10:36:26,22,23,7136,15653
2023-12-21 10:36:41,22,24,7136,15653
2023-12-21 10:36:51,23,24,7136,15653
2023-12-21 10:37:02,23,25,7136,15653
2023-12-21 10:37:03,24,25,7136,15653
2023-12-21 10:37:22,24,26,7136,15653
2023-12-21 10:37:26,24,25,7136,15653
2023-12-21 10:37:32,24,26,7136,15653
2023-12-21 10:37:32,24,25,7136,15653
2023-12-21 10:37:36,23,25,7136,15653
2023-12-21 10:37:50,23,24,7136,15653
2023-12-21 10:37:53,22,24,7136,15653
2023-12-21 10:38:08,22,23,7136,15653
2023-12-21 10:38:16,21,23,7136,15653
2023-12-21 10:38:18,21,22,7136,15653
2023-12-21 10:38:21,21,23,7136,15653
2023-12-21 10:38:22,21,22,7136,15653
2023-12-21 10:38:26,21,23,7136,15653
2023-12-21 10:38:29,21,22,7136,15653
2023-12-21 10:38:35,21,23,7136,15653
2023-12-21 10:38:35,21,22,7136,15653
2023-12-21 10:38:41,21,23,7136,15653
2023-12-21 10:38:42,21,22,7136,15653
2023-12-21 10:38:44,21,23,7136,15653
2023-12-21 10:38:45,21,22,7136,15653
2023-12-21 10:38:46,21,23,7136,15653
2023-12-21 10:38:48,21,22,7136,15653
2023-12-21 10:39:03,21,23,7136,15653
2023-12-21 10:39:12,21,22,7136,15653
2023-12-21 10:39:26,21,23,7136,15653
2023-12-21 10:39:31,22,23,7136,15653
2023-12-21 10:39:32,21,23,7136,15653
2023-12-21 10:39:40,21,22,7136,15653
2023-12-21 10:39:41,21,23,7136,15653
2023-12-21 10:39:45,21,22,7136,15653
2023-12-21 10:39:58,20,22,7136,15653
2023-12-21 10:40:00,21,22,7136,15653
2023-12-21 10:40:07,20,22,7136,15653
2023-12-21 10:40:11,20,21,7136,15653
2023-12-21 10:40:19,19,21,7136,15653
2023-12-21 10:40:34,19,20,7136,15653
2023-12-21 10:40:36,19,21,7136,15653
2023-12-21 10:40:37,20,21,7136,15653
2023-12-21 10:40:39,19,21,7136,15653
2023-12-21 10:40:40,19,20,7136,15653
2023-12-21 10:40:41,19,21,7136,15653
2023-12-21 10:40:42,19,20,7136,15653
2023-12-21 10:40:45,19,21,7136,15653
2023-12-21 10:40:46,20,21,7136,15653
2023-12-21 10:40:47,20,22,7136,15653
2023-12-21 10:40:54,21,22,7136,15653
2023-12-21 10:40:57,21,23,7136,15653
2023-12-21 10:41:05,22,23,7136,15653
2023-12-21 10:41:05,22,24,7136,15653
2023-12-21 10:41:14,22,23,7136,15653
2023-12-21 10:41:14,21,23,7136,15653
2023-12-21 10:41:16,22,23,7136,15653
2023-12-21 10:41:20,21,23,7136,15653
2023-12-21 10:41:30,21,22,7136,15653
2023-12-21 10:41:33,21,23,7136,15653
2023-12-21 10:41:34,22,23,7136,15653
2023-12-21 10:41:36,21,23,7136,15653
2023-12-21 10:41:37,22,23,7136,15653
2023-12-21 10:41:44,21,23,7136,15653
2023-12-21 10:41:51,21,22,7136,15653
2023-12-21 10:41:55,21,23,7136,15653
2023-12-21 10:41:58,21,22,7136,15653
2023-12-21 10:42:11,21,23,7136,15653
2023-12-21 10:42:11,21,22,7136,15653
2023-12-21 10:42:34,21,23,7136,15653
2023-12-21 10:42:35,22,23,7136,15653
2023-12-21 10:42:37,21,23,7136,15653
2023-12-21 10:42:45,22,23,7136,15653
2023-12-21 10:42:46,22,24,7136,15653
2023-12-21 10:42:52,22,23,7136,15653
2023-12-21 10:42:52,21,23,7136,15653
2023-12-21 10:42:53,22,23,7136,15653
2023-12-21 10:43:01,21,23,7136,15653
2023-12-21 10:43:05,22,23,7136,15653
2023-12-21 10:43:44,22,24,7136,15653
2023-12-21 10:43:44,22,23,7136,15653
2023-12-21 10:43:45,22,24,7136,15653
2023-12-21 10:43:48,23,24,7136,15653
2023-12-21 10:43:57,22,24,7136,15653
2023-12-21 10:43:58,23,24,7136,15653
2023-12-21 10:43:59,22,24,7136,15653
2023-12-21 10:44:00,23,24,7136,15653
2023-12-21 10:44:15,22,24,7136,15653
2023-12-21 10:44:18,22,23,7136,15653
2023-12-21 10:44:19,22,24,7136,15653
2023-12-21 10:44:21,23,24,7136,15653
2023-12-21 10:44:31,23,25,7136,15653
2023-12-21 10:44:35,24,25,7136,15653
2023-12-21 10:44:47,23,25,7136,15653
2023-12-21 10:44:48,24,25,7136,15653
2023-12-21 10:44:55,23,25,7136,15653
2023-12-21 10:44:57,23,24,7136,15653
2023-12-21 10:45:09,23,25,7136,15653
2023-12-21 10:45:14,24,25,7136,15653
2023-12-21 10:45:15,23,25,7136,15653
2023-12-21 10:45:26,24,25,7136,15653
2023-12-21 10:45:52,24,26,7136,15653
2023-12-21 10:46:03,24,25,7136,15653
2023-12-21 10:46:05,24,26,7136,15653
2023-12-21 10:46:16,24,25,7136,15653
2023-12-21 10:46:20,24,26,7136,15653
2023-12-21 10:46:28,24,25,7136,15653
2023-12-21 10:46:35,24,26,7289,15806
2023-12-21 10:46:35,24,25,7289,15806
2023-12-21 10:46:42,24,26,7289,15806
2023-12-21 10:46:42,24,25,7289,15806
2023-12-21 10:46:45,23,25,7289,15806
2023-12-21 10:46:47,23,26,7835,16352
2023-12-21 10:46:47,23,25,7835,16352
2023-12-21 10:46:53,24,25,7835,16352
2023-12-21 10:47:12,23,25,7835,16352
2023-12-21 10:47:17,22,25,7835,16352
2023-12-21 10:47:17,22,24,7835,16352
2023-12-21 10:47:25,23,24,7835,16352
2023-12-21 10:47:25,23,25,7835,16352
2023-12-21 10:47:41,24,25,7835,16352
2023-12-21 10:47:46,23,25,7835,16352
2023-12-21 10:47:49,24,25,7835,16352
2023-12-21 10:48:39,23,25,7835,16352
2023-12-21 10:48:55,23,24,7835,16352
2023-12-21 10:49:15,23,25,7835,16352
2023-12-21 10:49:30,23,24,7835,16352
2023-12-21 10:49:33,22,24,7835,16352
2023-12-21 10:49:50,22,23,7835,16352
2023-12-21 10:49:54,22,24,7835,16352
2023-12-21 10:49:59,22,23,7835,16352
2023-12-21 10:50:00,22,24,7835,16352
2023-12-21 10:50:01,22,23,7835,16352
2023-12-21 10:50:02,22,24,7835,16352
2023-12-21 10:50:03,22,23,7835,16352
2023-12-21 10:50:10,22,24,7835,16352
2023-12-21 10:50:21,22,23,7835,16352
2023-12-21 10:50:23,21,23,7835,16352
2023-12-21 10:50:35,21,22,7835,16352
2023-12-21 10:50:35,20,22,7835,16352
2023-12-21 10:50:42,20,21,7835,16352
2023-12-21 10:50:49,19,21,7835,16352
2023-12-21 10:50:58,19,20,7835,16352
2023-12-21 10:50:58,18,20,7835,16352
2023-12-21 10:51:01,19,20,7835,16352
2023-12-21 10:51:10,19,21,7835,16352
2023-12-21 10:51:15,20,21,7835,16352
2023-12-21 10:51:20,19,21,7835,16352
2023-12-21 10:51:22,19,20,7835,16352
2023-12-21 10:51:44,18,20,7835,16352
2023-12-21 10:51:44,18,19,7835,16352
2023-12-21 10:51:48,18,20,7835,16352
2023-12-21 10:51:49,18,19,7835,16352
2023-12-21 10:51:54,18,20,7835,16352
2023-12-21 10:51:54,19,20,7835,16352
2023-12-21 10:51:55,18,20,7835,16352
2023-12-21 10:51:55,18,19,7835,16352
2023-12-21 10:52:00,18,20,7835,16352
2023-12-21 10:52:00,19,20,7835,16352
2023-12-21 10:52:03,19,21,7835,16352
2023-12-21 10:52:06,19,20,7835,16352
2023-12-21 10:52:07,19,21,7835,16352
2023-12-21 10:52:07,19,20,7835,16352
2023-12-21 10:52:16,19,21,7835,16352
2023-12-21 10:52:16,19,20,7835,16352
2023-12-21 10:52:28,19,20,7335,16852
2023-12-21 10:52:29,18,20,7335,16852
2023-12-21 10:52:29,18,19,7335,16852
2023-12-21 10:52:32,18,20,7335,16852
2023-12-21 10:52:36,18,19,7335,16852
2023-12-21 10:52:37,18,20,7335,16852
2023-12-21 10:52:41,18,19,7335,16852
2023-12-21 10:52:42,18,20,7335,16852
2023-12-21 10:52:42,18,19,7335,16852
2023-12-21 10:52:51,18,20,7335,16852
2023-12-21 10:52:51,18,19,7335,16852
2023-12-21 10:53:02,18,20,7335,16852
2023-12-21 10:53:02,19,20,7335,16852
2023-12-21 10:53:09,19,21,7335,16852
2023-12-21 10:53:17,19,20,7335,16852
2023-12-21 10:53:21,19,21,7335,16852
2023-12-21 10:53:21,19,20,7335,16852
2023-12-21 10:53:29,18,20,7335,16852
2023-12-21 10:53:29,18,19,7335,16852
2023-12-21 10:54:14,18,20,7335,16852
2023-12-21 10:54:14,18,19,7335,16852
2023-12-21 10:54:50,18,20,7335,16852
2023-12-21 10:54:50,18,19,7335,16852
2023-12-21 10:54:58,18,20,7335,16852
2023-12-21 10:54:59,18,19,7335,16852
2023-12-21 10:55:10,18,20,7335,16852
2023-12-21 10:55:11,18,19,7335,16852
2023-12-21 10:55:21,18,20,7335,16852
2023-12-21 10:55:21,18,19,7335,16852
2023-12-21 10:55:47,18,20,7335,16852
2023-12-21 10:55:48,18,19,7335,16852
2023-12-21 10:55:49,18,20,7335,16852
2023-12-21 10:55:49,19,20,7335,16852
2023-12-21 10:56:08,18,20,7335,16852
2023-12-21 10:56:08,18,19,7335,16852
2023-12-21 10:56:14,18,20,7335,16852
2023-12-21 10:56:18,18,19,7335,16852
2023-12-21 10:56:27,18,20,7335,16852
2023-12-21 10:56:27,18,19,7335,16852
2023-12-21 10:56:35,18,20,7335,16852
2023-12-21 10:56:35,18,19,7335,16852
2023-12-21 10:57:16,18,20,7335,16852
2023-12-21 10:57:17,18,19,7335,16852
2023-12-21 10:57:39,17,19,7335,17052
2023-12-21 10:57:39,17,18,7335,17052
2023-12-21 10:57:49,17,19,7335,17052
2023-12-21 10:57:49,18,19,7335,17052
2023-12-21 10:57:51,17,19,7335,17052
2023-12-21 10:57:53,18,19,7335,17052
2023-12-21 10:59:12,18,20,7335,17052
2023-12-21 10:59:12,19,20,7335,17052
2023-12-21 11:00:12,19,20,7335,17352
2023-12-21 11:00:22,19,20,9890,19907
2023-12-21 11:00:25,19,21,9890,19907
2023-12-21 11:00:25,20,21,9890,19907
2023-12-21 11:00:29,19,21,9890,19907
2023-12-21 11:00:32,20,21,9890,19907
2023-12-21 11:00:33,19,21,9890,19907
2023-12-21 11:00:33,20,21,9890,19907
2023-12-21 11:00:34,19,21,9890,19907
2023-12-21 11:00:34,20,21,9890,19907
2023-12-21 11:00:40,19,21,9767,20030
2023-12-21 11:00:40,20,21,9767,20030
2023-12-21 11:00:44,19,21,9572,20225
2023-12-21 11:00:59,19,20,9572,20225
2023-12-21 11:01:03,18,20,9572,20225
2023-12-21 11:01:07,18,21,9572,20225
2023-12-21 11:01:07,18,20,9572,20225
2023-12-21 11:01:09,18,21,9572,20225
2023-12-21 11:01:10,18,20,9572,20225
2023-12-21 11:01:11,18,21,9572,20225
2023-12-21 11:01:12,18,20,9572,20225
2023-12-21 11:01:26,18,21,9572,20225
2023-12-21 11:01:26,18,19,9572,20225
2023-12-21 11:01:42,18,21,9572,20225
2023-12-21 11:01:42,18,19,9572,20225
2023-12-21 11:01:44,18,21,9572,20225
2023-12-21 11:01:44,18,19,9572,20225
2023-12-21 11:01:54,17,19,9372,20425
2023-12-21 11:02:00,17,20,9372,20425
2023-12-21 11:02:00,17,19,9372,20425
2023-12-21 11:02:06,17,20,9372,20425
2023-12-21 11:02:06,17,19,9372,20425
2023-12-21 11:02:17,17,20,9372,20425
2023-12-21 11:02:18,17,19,9372,20425
2023-12-21 11:02:23,17,20,9372,20425
2023-12-21 11:02:23,17,18,9372,20425
2023-12-21 11:02:38,17,20,9372,20425
2023-12-21 11:02:38,17,19,9372,20425
2023-12-21 11:02:40,17,20,9372,20425
2023-12-21 11:02:42,18,20,9372,20425
2023-12-21 11:02:44,17,20,9372,20425
2023-12-21 11:02:50,18,20,9372,20425
2023-12-21 11:02:53,18,21,9372,20425
2023-12-21 11:02:54,18,20,9372,20425
2023-12-21 11:03:08,19,20,9372,20425
2023-12-21 11:03:10,18,20,9372,20425
2023-12-21 11:03:14,19,20,9372,20425
2023-12-21 11:03:15,19,21,9372,20425
2023-12-21 11:03:40,20,21,9372,20425
2023-12-21 11:03:51,19,21,9372,20425
2023-12-21 11:03:51,20,21,9372,20425
2023-12-21 11:04:15,20,21,9372,20625
2023-12-21 11:04:21,20,21,9372,20825
2023-12-21 11:04:22,20,21,9372,21025
2023-12-21 11:04:26,20,21,9872,21525
2023-12-21 11:04:32,20,21,10427,22080
2023-12-21 11:04:57,19,21,10427,22080
2023-12-21 11:06:11,20,21,10427,22080
2023-12-21 11:06:12,19,21,10427,22080
2023-12-21 11:06:25,20,21,10427,22080
2023-12-21 11:06:28,19,21,10427,22080
2023-12-21 11:06:50,20,21,10427,22080
2023-12-21 11:07:00,19,21,10427,22080
2023-12-21 11:07:04,18,21,10427,22080
2023-12-21 11:07:20,18,20,10427,22080
2023-12-21 11:07:21,17,20,10427,22080
2023-12-21 11:07:35,17,19,10427,22080
2023-12-21 11:07:38,17,18,10427,22080
2023-12-21 11:08:10,17,19,10427,22080
2023-12-21 11:08:19,17,18,10427,22080
2023-12-21 11:09:01,16,18,10227,22280
2023-12-21 11:09:04,16,17,10227,22280
2023-12-21 11:09:10,15,17,10227,22280
2023-12-21 11:09:23,15,16,10227,22280
2023-12-21 11:09:30,15,17,10227,22280
2023-12-21 11:10:07,16,17,10227,22280
2023-12-21 11:10:22,16,19,10227,22280
2023-12-21 11:10:23,17,19,10227,22280
2023-12-21 11:10:36,16,19,10227,22280
2023-12-21 11:10:38,16,18,10227,22280
2023-12-21 11:11:10,15,18,10227,22280
2023-12-21 11:11:13,15,17,10227,22280
2023-12-21 11:11:15,15,18,10227,22280
2023-12-21 11:11:16,15,17,10227,22280
2023-12-21 11:11:17,15,18,10227,22280
2023-12-21 11:11:24,15,17,10227,22280
2023-12-21 11:11:26,16,17,10227,22280
2023-12-21 11:11:30,16,18,10227,22280
2023-12-21 11:11:42,16,17,10227,22280
2023-12-21 11:11:43,16,18,10227,22280
2023-12-21 11:11:46,15,18,10227,22280
2023-12-21 11:11:46,15,17,10227,22280
2023-12-21 11:11:46,16,17,10227,22280
2023-12-21 11:11:47,16,18,10227,22280
2023-12-21 11:12:04,16,17,10227,22280
2023-12-21 11:12:06,16,18,10227,22280
2023-12-21 11:12:22,16,17,10227,22280
2023-12-21 11:12:25,16,18,10227,22280
2023-12-21 11:12:25,15,18,10227,22280
2023-12-21 11:12:25,15,17,10227,22280
2023-12-21 11:12:26,16,18,10227,22280
2023-12-21 11:12:28,17,18,10227,22280
2023-12-21 11:12:29,16,18,10227,22280
2023-12-21 11:12:31,17,18,10227,22280
2023-12-21 11:12:33,17,19,10227,22280
2023-12-21 11:12:34,17,18,10227,22280
2023-12-21 11:12:35,16,18,10227,22280
2023-12-21 11:12:39,15,18,10227,22280
2023-12-21 11:12:39,16,18,10227,22280
2023-12-21 11:12:39,16,17,10227,22280
2023-12-21 11:12:43,15,17,10227,22280
2023-12-21 11:12:44,16,17,10227,22280
2023-12-21 11:12:45,15,17,10227,22280
2023-12-21 11:13:25,15,16,10227,22280
2023-12-21 11:13:27,14,16,10227,22280
2023-12-21 11:13:59,15,16,10227,22280
2023-12-21 11:14:06,15,17,10227,22280
2023-12-21 11:14:22,15,16,10227,22280
2023-12-21 11:14:23,15,17,10227,22280
2023-12-21 11:14:29,16,17,10227,22280
2023-12-21 11:14:30,15,17,10227,22280
2023-12-21 11:14:33,16,17,10227,22280
2023-12-21 11:14:34,16,18,10227,22280
2023-12-21 11:14:36,15,18,10227,22280
2023-12-21 11:14:36,16,18,10227,22280
2023-12-21 11:14:37,16,17,10227,22280
2023-12-21 11:14:38,16,18,10227,22280
2023-12-21 11:14:46,16,19,10227,22280
2023-12-21 11:15:07,17,19,10227,22280
2023-12-21 11:15:08,16,19,10227,22280
2023-12-21 11:15:11,17,19,10227,22280
2023-12-21 11:15:15,16,19,10227,22280
2023-12-21 11:15:17,17,19,10227,22280
2023-12-21 11:15:32,18,19,10227,22280
2023-12-21 11:16:02,16,19,10227,22280
2023-12-21 11:16:02,17,19,10227,22280
2023-12-21 11:16:20,16,19,10227,22280
2023-12-21 11:16:21,17,19,10227,22280
2023-12-21 11:16:31,16,19,10227,22280
2023-12-21 11:16:31,17,19,10227,22280
2023-12-21 11:16:38,17,18,10227,22280
2023-12-21 11:16:40,17,19,10227,22280
2023-12-21 11:16:41,17,18,10227,22280
2023-12-21 11:16:51,16,18,10227,22280
2023-12-21 11:16:55,17,18,10227,22280
2023-12-21 11:16:58,16,18,10227,22280
2023-12-21 11:16:59,17,18,10227,22280
2023-12-21 11:17:05,16,18,10227,22280
2023-12-21 11:17:09,17,18,10227,22280
2023-12-21 11:17:11,16,18,10227,22280
2023-12-21 11:17:15,15,18,10227,22280
2023-12-21 11:17:21,15,17,10227,22280
2023-12-21 11:17:23,15,18,10227,22280
2023-12-21 11:17:24,15,17,10227,22280
2023-12-21 11:17:41,14,17,10227,22280
2023-12-21 11:17:41,15,17,10227,22280
2023-12-21 11:17:42,14,17,10227,22280
2023-12-21 11:17:46,15,17,10227,22280
2023-12-21 11:17:59,14,17,10227,22280
2023-12-21 11:18:00,15,17,10227,22280
2023-12-21 11:18:03,15,16,10227,22280
2023-12-21 11:18:10,14,16,10227,22280
2023-12-21 11:18:22,14,15,10227,22280
2023-12-21 11:18:23,14,16,10227,22280
2023-12-21 11:18:24,14,15,10227,22280
2023-12-21 11:18:37,13,15,10227,22280
2023-12-21 11:18:56,14,15,10227,22280
2023-12-21 11:18:57,13,15,10227,22280
2023-12-21 11:18:58,13,16,10227,22280
2023-12-21 11:18:58,14,16,10227,22280
2023-12-21 11:19:04,14,15,10227,22280
2023-12-21 11:19:07,14,16,10227,22280
2023-12-21 11:19:35,15,16,10227,22280
2023-12-21 11:20:01,15,17,10227,22280
2023-12-21 11:20:09,14,17,10227,22280
2023-12-21 11:20:09,15,17,10227,22280
2023-12-21 11:20:16,14,17,10227,22280
2023-12-21 11:20:16,15,17,10227,22280
2023-12-21 11:20:20,15,16,10227,22280
2023-12-21 11:20:32,14,16,10227,22280
2023-12-21 11:20:34,15,16,10227,22280
2023-12-21 11:20:45,14,16,10227,22280
2023-12-21 11:20:45,15,16,10227,22280
2023-12-21 11:20:53,14,16,10227,22280
2023-12-21 11:20:54,15,16,10227,22280
2023-12-21 11:20:57,14,16,10227,22280
2023-12-21 11:21:01,14,17,10227,22280
2023-12-21 11:21:01,15,17,10227,22280
2023-12-21 11:21:01,15,16,10227,22280
2023-12-21 11:21:02,15,17,10227,22280
2023-12-21 11:21:02,16,17,10227,22280
2023-12-21 11:21:04,16,18,10227,22280
2023-12-21 11:21:26,17,18,10227,22280
2023-12-21 11:21:38,17,19,10227,22280
2023-12-21 11:21:53,18,19,10227,22280
2023-12-21 11:21:57,17,19,10227,22280
2023-12-21 11:21:58,18,19,10227,22280
2023-12-21 11:22:00,17,19,10227,22280
2023-12-21 11:22:06,18,19,10227,22280
2023-12-21 11:22:07,17,19,10227,22280
2023-12-21 11:22:14,17,18,10227,22280
2023-12-21 11:22:18,16,18,10227,22280
2023-12-21 11:22:20,15,18,10227,22280
2023-12-21 11:22:21,16,18,10227,22280
2023-12-21 11:22:35,15,18,10227,22280
2023-12-21 11:22:36,16,18,10227,22280
2023-12-21 11:22:47,17,18,10227,22280
2023-12-21 11:22:53,17,19,10227,22280
2023-12-21 11:23:03,18,19,10227,22280
2023-12-21 11:23:07,17,19,10227,22280
2023-12-21 11:23:07,18,19,10227,22280
2023-12-21 11:23:09,17,19,10227,22280
2023-12-21 11:23:10,18,19,10227,22280
2023-12-21 11:23:14,17,19,10227,22280
2023-12-21 11:23:25,18,19,10227,22280
2023-12-21 11:23:35,16,19,10227,22280
2023-12-21 11:23:35,17,19,10227,22280
2023-12-21 11:23:43,18,19,10227,22280
2023-12-21 11:23:49,17,19,10227,22280
2023-12-21 11:23:49,18,19,10227,22280
2023-12-21 11:24:04,17,19,10227,22280
2023-12-21 11:24:05,18,19,10227,22280
2023-12-21 11:24:10,17,19,10227,22280
2023-12-21 11:24:10,18,19,10227,22280
2023-12-21 11:24:41,17,19,10227,22280
2023-12-21 11:24:41,18,19,10227,22280
2023-12-21 11:25:06,17,19,10227,22280
2023-12-21 11:25:06,18,19,10227,22280
2023-12-21 11:25:15,16,19,10227,22280
2023-12-21 11:25:15,17,19,10227,22280
2023-12-21 11:25:22,18,19,10227,22280
2023-12-21 11:25:24,17,19,10227,22280
2023-12-21 11:25:26,17,18,10227,22280
2023-12-21 11:25:26,16,18,10227,22280
2023-12-21 11:25:57,17,18,10227,22280
2023-12-21 11:26:00,16,18,10227,22280
2023-12-21 11:26:01,17,18,10227,22280
2023-12-21 11:26:07,17,19,10227,22280
2023-12-21 11:26:07,16,19,10227,22280
2023-12-21 11:26:07,17,19,10227,22280
2023-12-21 11:26:14,18,19,10227,22280
2023-12-21 11:26:15,17,19,10227,22280
2023-12-21 11:26:18,18,19,10227,22280
2023-12-21 11:26:19,17,19,10227,22280
2023-12-21 11:26:20,18,19,10227,22280
2023-12-21 11:26:29,17,19,10227,22280
2023-12-21 11:26:29,18,19,10227,22280
2023-12-21 11:26:31,17,19,10227,22280
2023-12-21 11:26:31,18,19,10227,22280
2023-12-21 11:26:54,17,19,10227,22280
2023-12-21 11:26:54,18,19,10227,22280
2023-12-21 11:27:15,18,20,10227,22280
2023-12-21 11:27:15,19,20,10227,22280
2023-12-21 11:27:18,19,21,10227,22280
2023-12-21 11:27:33,20,21,10227,22280
2023-12-21 11:27:37,19,21,10227,22280
2023-12-21 11:27:38,20,21,10227,22280
2023-12-21 11:27:39,19,21,10227,22280
2023-12-21 11:27:55,18,21,10227,22280
2023-12-21 11:27:56,19,21,10227,22280
2023-12-21 11:28:00,20,21,10227,22280
2023-12-21 11:28:39,20,21,10782,22835
2023-12-21 11:29:08,19,21,10782,22835
2023-12-21 11:29:08,20,21,10782,22835
2023-12-21 11:29:16,19,21,10782,22835
2023-12-21 11:29:16,20,21,10782,22835
2023-12-21 11:30:10,20,22,10782,22835
2023-12-21 11:31:05,19,22,10782,22835
2023-12-21 11:31:05,20,22,10782,22835
2023-12-21 11:31:25,20,21,10782,22835
2023-12-21 11:31:25,19,21,10782,22835
2023-12-21 11:31:33,19,22,10782,22835
2023-12-21 11:31:33,20,22,10782,22835
2023-12-21 11:31:34,19,22,10782,22835
2023-12-21 11:31:44,19,21,10782,22835
2023-12-21 11:31:48,19,22,10782,22835
2023-12-21 11:31:49,20,22,10782,22835
2023-12-21 11:31:51,19,22,10782,22835
2023-12-21 11:31:51,20,22,10782,22835
2023-12-21 11:32:03,19,22,10782,22835
2023-12-21 11:32:03,20,22,10782,22835
2023-12-21 11:32:20,20,21,10782,22835
2023-12-21 11:32:21,20,22,10782,22835
2023-12-21 11:32:25,20,21,10782,22835
2023-12-21 11:32:26,20,22,10782,22835
2023-12-21 11:32:28,20,21,10782,22835
2023-12-21 11:32:29,18,21,10782,22835
2023-12-21 11:32:29,19,21,10782,22835
2023-12-21 11:32:31,18,21,10782,22835
2023-12-21 11:32:36,19,21,10782,22835
2023-12-21 11:32:53,18,21,10782,22835
2023-12-21 11:32:55,19,21,10782,22835
2023-12-21 11:32:56,18,21,10782,22835
2023-12-21 11:33:01,18,20,10782,22835
2023-12-21 11:33:03,17,20,10782,22835
2023-12-21 11:33:03,17,19,10782,22835
2023-12-21 11:33:08,16,19,10782,22835
2023-12-21 11:33:27,16,18,10782,22835
2023-12-21 11:33:37,16,19,10782,22835
2023-12-21 11:33:58,16,18,10782,22835
2023-12-21 11:34:06,16,19,10782,22835
2023-12-21 11:34:20,17,19,10782,22835
2023-12-21 11:35:18,17,20,10782,22835
2023-12-21 11:35:18,18,20,10782,22835
2023-12-21 11:35:18,19,20,10782,22835
2023-12-21 11:35:19,18,20,10782,22835
2023-12-21 11:35:21,17,20,10782,22835
2023-12-21 11:35:27,17,19,10782,22835
2023-12-21 11:35:33,17,20,10782,22835
2023-12-21 11:35:33,18,20,10782,22835
2023-12-21 11:35:42,18,21,10782,22835
2023-12-21 11:35:47,19,21,10782,22835
2023-12-21 11:35:49,18,21,10782,22835
2023-12-21 11:36:07,18,20,10782,22835
2023-12-21 11:36:11,17,20,10782,22835
2023-12-21 11:36:17,18,20,10782,22835
2023-12-21 11:36:18,18,21,10782,22835
2023-12-21 11:36:21,19,21,10782,22835
2023-12-21 11:36:38,19,22,10782,22835
2023-12-21 11:36:39,20,22,10782,22835
2023-12-21 11:36:47,21,22,10782,22835
2023-12-21 11:36:51,21,23,10782,22835
2023-12-21 11:38:40,20,23,10782,22835
2023-12-21 11:38:40,20,22,10782,22835
2023-12-21 11:39:00,20,21,10782,22835
2023-12-21 11:39:00,19,21,10782,22835
2023-12-21 11:39:01,19,20,10782,22835
2023-12-21 11:39:01,18,20,10782,22835
2023-12-21 11:39:02,17,20,10782,22835
2023-12-21 11:39:03,17,19,10782,22835
2023-12-21 11:39:14,17,20,10782,22835
2023-12-21 11:39:15,18,20,10782,22835
2023-12-21 11:39:51,19,20,10782,22835
2023-12-21 11:39:52,19,21,10782,22835
2023-12-21 11:39:59,18,21,10782,22835
2023-12-21 11:40:04,19,21,10782,22835
2023-12-21 11:40:05,18,21,10782,22835
2023-12-21 11:40:05,18,20,10782,22835
2023-12-21 11:40:05,19,20,10782,22835
2023-12-21 11:40:06,18,20,10782,22835
2023-12-21 11:40:07,19,20,10782,22835
2023-12-21 11:40:08,18,20,10782,22835
2023-12-21 11:40:08,19,20,10782,22835
2023-12-21 11:40:13,19,21,10782,22835
2023-12-21 11:40:14,19,20,10782,22835
2023-12-21 11:40:16,18,20,10782,22835
2023-12-21 11:40:22,17,20,10782,22835
2023-12-21 11:40:36,17,19,10782,22835
2023-12-21 11:42:20,18,19,10782,22835
2023-12-21 11:42:35,17,19,10782,22835
2023-12-21 11:43:49,16,19,10782,22835
2023-12-21 11:44:24,16,18,10782,22835
2023-12-21 11:45:27,17,18,10782,22835
2023-12-21 11:45:28,17,19,10782,22835
2023-12-21 11:46:14,18,19,10782,22835
2023-12-21 11:46:15,17,19,10782,22835
2023-12-21 11:46:54,18,19,10782,22835
2023-12-21 11:47:12,17,19,10782,22835
2023-12-21 11:47:18,18,19,10782,22835
2023-12-21 11:47:19,17,19,10782,22835
2023-12-21 11:48:01,16,19,10782,22835
2023-12-21 11:48:03,17,19,10782,22835
2023-12-21 11:48:04,17,18,10782,22835
2023-12-21 11:48:10,16,18,10782,22835
2023-12-21 11:48:14,16,19,10782,22835
2023-12-21 11:48:14,17,19,10782,22835
2023-12-21 11:48:14,17,18,10782,22835
2023-12-21 11:48:15,16,18,10782,22835
2023-12-21 11:48:21,17,18,10782,22835
2023-12-21 11:48:22,16,18,10782,22835
2023-12-21 11:48:26,17,18,10782,22835
2023-12-21 11:48:38,16,18,10782,22835
2023-12-21 11:48:42,17,18,10782,22835
2023-12-21 11:48:49,17,19,10782,22835
2023-12-21 11:49:28,18,19,10782,22835
2023-12-21 11:49:29,17,19,10782,22835
2023-12-21 11:49:29,18,19,10782,22835
2023-12-21 11:49:33,17,19,10782,22835
2023-12-21 11:49:34,18,19,10782,22835
2023-12-21 11:49:39,17,19,10782,22835
2023-12-21 11:49:39,18,19,10782,22835
2023-12-21 11:49:47,17,19,10782,22835
2023-12-21 11:49:48,18,19,10782,22835
2023-12-21 11:49:52,17,19,10782,22835
2023-12-21 11:49:53,18,19,10782,22835
2023-12-21 11:49:54,17,19,10782,22835
2023-12-21 11:50:22,17,18,10782,22835
2023-12-21 11:50:39,16,18,10782,22835
2023-12-21 11:50:51,16,17,10782,22835
2023-12-21 11:50:54,16,18,10782,22835
2023-12-21 11:50:58,16,17,10782,22835
2023-12-21 11:50:59,16,18,10782,22835
2023-12-21 11:51:09,16,17,10782,22835
2023-12-21 11:51:17,15,17,10782,22835
2023-12-21 11:51:19,15,16,10782,22835
2023-12-21 11:53:50,15,16,10782,22980
2023-12-21 11:54:16,14,16,10782,22980
2023-12-21 11:54:16,14,15,10782,22980
2023-12-21 11:54:43,14,16,10782,22980
2023-12-21 11:54:44,14,15,10782,22980
2023-12-21 11:55:31,14,16,10782,22980
2023-12-21 11:55:31,14,15,10782,22980
2023-12-21 11:55:39,13,15,10782,22980
2023-12-21 11:55:39,13,14,10782,22980
2023-12-21 11:56:16,13,15,10782,22980
2023-12-21 11:56:16,13,14,10782,22980
2023-12-21 11:56:32,12,14,10782,22980
2023-12-21 11:56:32,12,13,10782,22980
2023-12-21 11:56:54,12,14,10782,22980
2023-12-21 11:56:54,12,13,10782,22980
2023-12-21 11:57:02,12,14,10782,22980
2023-12-21 11:57:02,12,13,10782,22980
2023-12-21 11:57:40,12,14,10782,22980
2023-12-21 11:57:40,12,13,10782,22980
2023-12-21 11:58:54,11,13,10902,23180
2023-12-21 11:58:54,11,12,10902,23180
2023-12-21 11:59:16,11,13,10902,23180
2023-12-21 11:59:16,11,12,10902,23180
2023-12-21 11:59:27,11,13,10902,23180
2023-12-21 11:59:28,11,12,10902,23180
2023-12-21 11:59:45,11,13,10902,23180
2023-12-21 11:59:46,11,12,10902,23180
2023-12-21 11:59:54,10,12,10902,23180
2023-12-21 11:59:55,10,13,10902,23180
2023-12-21 11:59:55,10,11,10902,23180
2023-12-21 11:59:56,10,11,10904,23182
2023-12-21 12:00:05,10,11,10906,23184
2023-12-21 12:00:07,9,11,10906,23184
2023-12-21 12:00:07,9,10,10906,23184
2023-12-21 12:00:12,9,10,10908,23186
2023-12-21 12:00:21,8,10,10908,23186
2023-12-21 12:00:23,8,9,10908,23186
2023-12-21 12:00:36,7,9,10908,23186
2023-12-21 12:00:40,5,9,10908,24805
2023-12-21 12:00:40,5,8,10908,24805
2023-12-21 12:00:41,5,7,10908,24805
2023-12-21 12:00:53,6,7,10908,24805
2023-12-21 12:00:57,5,7,10908,24805
2023-12-21 12:00:58,6,7,10908,24805
2023-12-21 12:01:05,6,8,10908,24805
2023-12-21 12:01:07,7,8,10908,24805
2023-12-21 12:01:08,7,9,10908,24805
2023-12-21 12:01:18,8,9,10908,24805
2023-12-21 12:01:18,8,10,10908,24805
2023-12-21 12:01:23,8,9,10908,24805
2023-12-21 12:01:23,9,10,10508,25205
2023-12-21 12:02:53,9,10,10308,25405
2023-12-21 12:02:58,9,10,10108,25605
2023-12-21 12:02:59,9,10,9908,25805
2023-12-21 12:03:00,9,10,9908,25927
2023-12-21 12:03:10,7,9,9830,26005
2023-12-21 12:03:31,7,8,9830,26005
2023-12-21 12:03:32,7,9,9830,26005
2023-12-21 12:03:32,7,8,9830,26005
2023-12-21 12:03:46,7,9,9830,26005
2023-12-21 12:03:46,7,8,9830,26005
2023-12-21 12:04:11,6,8,9830,26005
2023-12-21 12:04:21,6,9,9830,26005
2023-12-21 12:04:21,6,7,9830,26005
2023-12-21 12:04:22,6,9,9830,26005
2023-12-21 12:04:22,6,7,9830,26005
2023-12-21 12:04:22,6,9,9830,26005
2023-12-21 12:04:22,6,7,9830,26005
2023-12-21 12:04:54,6,8,9830,26005
2023-12-21 12:04:54,6,7,9830,26005
2023-12-21 12:04:56,6,8,9830,26005
2023-12-21 12:04:56,6,7,9830,26005
2023-12-21 12:05:10,6,8,9830,26005
2023-12-21 12:05:10,6,7,9830,26005
2023-12-21 12:05:12,6,8,9830,26005
2023-12-21 12:05:12,6,7,9830,26005
2023-12-21 12:05:22,6,8,9830,26005
2023-12-21 12:05:23,6,7,9830,26005
2023-12-21 12:06:11,6,8,9830,26005
2023-12-21 12:06:11,6,7,9830,26005
2023-12-21 12:06:26,6,8,9830,26005
2023-12-21 12:06:27,6,9,9830,26005
2023-12-21 12:06:27,6,7,9830,26005
2023-12-21 12:06:30,6,9,9830,26005
2023-12-21 12:06:30,6,8,9830,26005
2023-12-21 12:06:44,7,8,9830,26005
2023-12-21 12:07:00,7,9,9830,26005
2023-12-21 12:07:00,7,8,9830,26005
2023-12-21 12:07:28,7,8,9835,26010
2023-12-21 12:07:40,7,9,9835,26010
2023-12-21 12:07:40,7,8,9835,26010
2023-12-21 12:07:55,6,8,9835,26010
2023-12-21 12:08:01,6,9,9835,26010
2023-12-21 12:08:01,6,7,9835,26010
2023-12-21 12:08:01,6,9,9835,26010
2023-12-21 12:08:01,6,7,9835,26010
2023-12-21 12:08:05,6,9,9835,26010
2023-12-21 12:08:05,6,7,9835,26010
2023-12-21 12:08:13,6,9,9979,26154
2023-12-21 12:08:14,6,8,9979,26154
2023-12-21 12:08:18,6,7,9979,26154
2023-12-21 12:08:27,6,8,9979,26154
2023-12-21 12:08:28,6,7,9979,26154
2023-12-21 12:08:33,6,7,9979,26279
2023-12-21 12:08:34,6,8,9979,26279
2023-12-21 12:08:34,6,7,9979,26279
2023-12-21 12:10:15,5,7,9979,26279
2023-12-21 12:10:15,6,7,9979,26279
2023-12-21 12:10:36,5,7,9979,26279
2023-12-21 12:10:36,6,7,9979,26279
2023-12-21 12:10:39,5,7,9979,26279
2023-12-21 12:10:41,5,6,9979,26279
2023-12-21 12:10:42,5,7,9979,26279
2023-12-21 12:10:43,5,6,9979,26279
2023-12-21 12:10:44,5,7,9979,26279
2023-12-21 12:10:45,5,6,9979,26279
2023-12-21 12:10:47,5,7,9979,26279
2023-12-21 12:10:49,5,6,9979,26279
2023-12-21 12:10:53,5,7,9979,26279
2023-12-21 12:10:59,6,7,9979,26279
2023-12-21 12:11:00,5,7,9979,26279
2023-12-21 12:11:08,6,7,9979,26279
2023-12-21 12:11:30,6,8,9979,26479
2023-12-21 12:11:57,6,7,9979,26479
2023-12-21 12:11:57,6,8,9979,26479
2023-12-21 12:12:11,6,7,9979,26479
2023-12-21 12:12:20,5,7,9979,26479
2023-12-21 12:12:20,5,8,9979,26479
2023-12-21 12:12:20,6,8,9979,26479
2023-12-21 12:12:54,6,8,9979,26479
2023-12-21 12:12:54,5,8,9979,26479
2023-12-21 12:12:54,6,8,9979,26479
2023-12-21 12:12:54,6,7,9979,26479
2023-12-21 12:13:00,6,8,9979,26479
2023-12-21 12:13:00,5,8,9979,26479
2023-12-21 12:13:00,6,8,9979,26479
2023-12-21 12:13:00,6,7,9979,26479
2023-12-21 12:13:16,5,7,9979,26479
2023-12-21 12:13:16,5,8,9979,26479
2023-12-21 12:13:16,6,8,9979,26479
2023-12-21 12:13:16,6,7,9979,26479
2023-12-21 12:13:18,5,7,9979,26479
2023-12-21 12:13:22,5,8,9979,26479
2023-12-21 12:13:23,5,7,9979,26479
2023-12-21 12:13:53,6,7,9979,26479
2023-12-21 12:13:54,5,7,9979,26479
2023-12-21 12:13:55,6,7,9979,26479
2023-12-21 12:13:57,5,7,9979,26479
2023-12-21 12:13:57,5,7,9979,26479
2023-12-21 12:15:15,6,7,9979,26479
2023-12-21 12:15:36,6,8,9979,26479
2023-12-21 12:15:36,6,7,9979,26479
2023-12-21 12:15:46,6,8,9979,26479
2023-12-21 12:15:46,6,7,9979,26479
2023-12-21 12:15:58,6,8,10086,26586
2023-12-21 12:15:58,6,7,10086,26586
2023-12-21 12:17:06,5,7,10086,26586
2023-12-21 12:17:06,6,8,10086,26586
2023-12-21 12:17:06,6,7,10086,26586
2023-12-21 12:17:16,5,7,10086,26586
2023-12-21 12:17:23,6,7,10086,26586
2023-12-21 12:17:26,6,8,10086,26586
2023-12-21 12:17:26,5,7,10086,26586
2023-12-21 12:17:27,6,7,10086,26586
2023-12-21 12:17:36,5,7,10086,26586
2023-12-21 12:17:36,5,7,10086,26586
2023-12-21 12:18:31,6,7,10086,26586
2023-12-21 12:18:32,5,7,10086,26586
2023-12-21 12:18:41,5,8,10086,26586
2023-12-21 12:18:41,5,7,10086,26586
2023-12-21 12:18:46,6,7,10086,26586
2023-12-21 12:18:55,5,7,10086,26586
2023-12-21 12:18:55,6,8,10086,26586
2023-12-21 12:18:55,6,7,10086,26586
2023-12-21 12:19:06,5,7,10086,26586
2023-12-21 12:19:06,5,8,10086,26586
2023-12-21 12:19:06,6,8,10086,26586
2023-12-21 12:19:06,6,7,10086,26586
2023-12-21 12:19:15,5,7,10086,26586
2023-12-21 12:19:16,6,7,10086,26586
2023-12-21 12:19:37,6,8,10086,26586
2023-12-21 12:19:37,5,8,10086,26586
2023-12-21 12:19:38,5,7,10086,26586
2023-12-21 12:19:43,5,7,10086,26586
2023-12-21 12:19:45,6,7,10086,26586
2023-12-21 12:19:55,5,7,10086,26586
2023-12-21 12:19:55,5,8,10086,26586
2023-12-21 12:19:55,5,7,10086,26586
2023-12-21 12:20:02,5,7,10086,26586
2023-12-21 12:20:03,6,8,10086,26586
2023-12-21 12:20:03,6,7,10086,26586
2023-12-21 12:20:05,5,7,10086,26586
2023-12-21 12:20:06,6,7,10086,26586
2023-12-21 12:20:20,6,8,10086,26586
2023-12-21 12:20:21,6,8,10086,26586
2023-12-21 12:20:21,6,7,10086,26586
2023-12-21 12:20:23,6,8,10086,26586
2023-12-21 12:20:23,5,7,10086,26586
2023-12-21 12:20:23,6,7,10086,26586
2023-12-21 12:20:24,6,8,10209,26709
2023-12-21 12:20:25,6,7,10209,26709
2023-12-21 12:20:31,5,7,10209,26709
2023-12-21 12:20:40,5,8,10209,26709
2023-12-21 12:20:40,5,7,10209,26709
2023-12-21 12:20:48,6,7,10209,26709
2023-12-21 12:20:51,5,7,10209,26709
2023-12-21 12:20:51,5,8,10209,26709
2023-12-21 12:20:51,6,8,10209,26709
2023-12-21 12:20:51,6,7,10209,26709
2023-12-21 12:20:54,5,7,10209,26709
2023-12-21 12:21:05,6,7,10209,26709
2023-12-21 12:21:11,5,7,10209,26709
2023-12-21 12:21:11,6,7,10209,26709
2023-12-21 12:21:13,6,8,10209,26709
2023-12-21 12:21:13,5,7,10209,26709
2023-12-21 12:21:26,5,7,10209,26709
2023-12-21 12:21:27,6,7,10209,26709
2023-12-21 12:21:30,5,7,10209,26709
2023-12-21 12:21:30,5,8,10209,26709
2023-12-21 12:21:30,5,7,10209,26709
2023-12-21 12:21:52,5,8,10209,26709
2023-12-21 12:21:52,5,6,10209,26709
2023-12-21 12:22:25,5,8,10209,26709
2023-12-21 12:22:25,5,7,10209,26709
2023-12-21 12:22:34,5,6,10209,26709
2023-12-21 12:22:36,5,8,10259,26759
2023-12-21 12:22:36,5,7,10259,26759
2023-12-21 12:22:40,6,7,10259,26759
2023-12-21 12:22:41,5,7,10259,26759
2023-12-21 12:23:32,5,6,10259,26759
2023-12-21 12:23:35,5,7,10259,26759
2023-12-21 12:23:35,5,6,10259,26759
2023-12-21 12:23:40,5,7,10259,26759
2023-12-21 12:23:41,5,6,10259,26759
2023-12-21 12:23:44,5,7,10259,26759
2023-12-21 12:23:44,5,6,10259,26759
2023-12-21 12:23:52,5,7,10259,26759
2023-12-21 12:23:52,5,6,10259,26759
2023-12-21 12:23:56,5,7,10259,26759
2023-12-21 12:23:57,5,6,10259,26759
2023-12-21 12:24:56,5,8,10259,26759
2023-12-21 12:24:56,5,7,10259,26759
2023-12-21 12:24:58,6,7,10259,26759
2023-12-21 12:25:05,5,7,10259,26759
2023-12-21 12:25:25,5,8,10259,26759
2023-12-21 12:25:25,5,6,10259,26759
2023-12-21 12:25:26,5,8,10259,26759
2023-12-21 12:25:26,5,7,10259,26759
2023-12-21 12:25:37,6,7,10259,26759
2023-12-21 12:25:39,5,7,10259,26759
2023-12-21 12:26:31,5,8,10259,26759
2023-12-21 12:26:31,5,6,10259,26759
2023-12-21 12:26:36,5,8,10259,26759
2023-12-21 12:26:36,5,7,10259,26759
2023-12-21 12:27:38,5,8,10259,26759
2023-12-21 12:27:38,5,6,10259,26759
2023-12-21 12:27:38,5,8,10259,26759
2023-12-21 12:27:38,5,6,10259,26759
2023-12-21 12:28:06,5,8,10259,26759
2023-12-21 12:28:06,5,6,10259,26759
2023-12-21 12:28:10,5,6,10259,26859
2023-12-21 12:28:11,5,8,10259,26859
2023-12-21 12:28:11,5,6,10259,26859
2023-12-21 12:28:15,5,8,10259,26859
2023-12-21 12:28:16,5,7,10259,26859
2023-12-21 12:28:18,5,6,10259,26859
2023-12-21 12:28:23,5,7,10259,26859
2023-12-21 12:28:24,5,6,10259,26859
2023-12-21 12:28:26,5,7,10259,26859
2023-12-21 12:28:27,5,6,10259,26859
2023-12-21 12:28:51,5,7,10259,26859
2023-12-21 12:28:51,5,6,10259,26859
2023-12-21 12:29:36,5,7,10259,26859
2023-12-21 12:29:36,5,6,10259,26859
2023-12-21 12:29:45,5,7,10259,26859
2023-12-21 12:29:45,5,6,10259,26859
2023-12-21 12:30:43,5,6,10454,27054
2023-12-21 12:30:48,5,6,10654,27254
2023-12-21 12:30:52,5,6,10854,27454
2023-12-21 12:30:56,5,7,10854,27454
2023-12-21 12:30:56,6,7,10854,27454
2023-12-21 12:31:28,6,8,10854,27454
2023-12-21 12:31:30,7,8,10854,27454
2023-12-21 12:31:32,6,8,10854,27454
2023-12-21 12:31:32,7,8,10854,27454
2023-12-21 12:31:33,6,8,10854,27454
2023-12-21 12:31:35,7,8,10854,27454
2023-12-21 12:31:54,7,9,10854,27454
2023-12-21 12:31:57,7,8,10854,27454
2023-12-21 12:32:28,7,9,10854,27454
2023-12-21 12:33:01,7,8,10854,27454
2023-12-21 12:33:35,6,8,10854,27454
2023-12-21 12:33:35,6,7,10854,27454
2023-12-21 12:34:48,6,7,10854,27654
2023-12-21 12:34:48,5,7,10854,27654
2023-12-21 12:34:49,5,6,10854,27654
2023-12-21 12:34:57,4,6,10854,27654
2023-12-21 12:35:01,4,5,10854,27654
2023-12-21 12:35:03,4,6,10854,27654
2023-12-21 12:35:28,5,6,10854,27654
2023-12-21 12:35:30,4,6,10854,27654
2023-12-21 12:35:32,5,6,10854,27654
2023-12-21 12:35:33,4,6,10854,27654
2023-12-21 12:35:33,5,6,10854,27654
2023-12-21 12:35:34,4,6,10854,27654
2023-12-21 12:35:50,4,5,10854,27654
2023-12-21 12:35:51,4,6,10854,27654
2023-12-21 12:35:51,4,5,10854,27654
2023-12-21 12:35:54,4,6,10854,27654
2023-12-21 12:35:54,4,5,10854,27654
2023-12-21 12:35:55,4,6,10854,27654
2023-12-21 12:35:56,4,5,10854,27654
2023-12-21 12:35:57,4,6,10854,27654
2023-12-21 12:36:02,5,6,10854,27654
2023-12-21 12:36:06,4,6,10854,27654
2023-12-21 12:36:06,5,6,10854,27654
2023-12-21 12:36:16,4,6,10854,27654
2023-12-21 12:36:16,5,6,10854,27654
2023-12-21 12:36:25,4,6,10854,27654
2023-12-21 12:36:25,5,6,10854,27654
2023-12-21 12:36:46,5,6,11354,28154
2023-12-21 12:38:42,4,6,11354,28154
2023-12-21 12:38:42,5,6,11354,28154
2023-12-21 12:39:47,4,6,11354,28154
2023-12-21 12:39:47,5,6,11354,28154
2023-12-21 12:40:25,4,6,11354,28154
2023-12-21 12:40:26,5,6,11354,28154
2023-12-21 12:40:36,4,6,11354,28154
2023-12-21 12:40:36,5,6,11354,28154
2023-12-21 12:40:45,4,6,11354,28154
2023-12-21 12:40:45,5,6,11354,28154
2023-12-21 12:41:23,5,7,15054,31854
2023-12-21 12:41:25,5,6,15054,31854
2023-12-21 12:41:57,5,7,15054,31854
2023-12-21 12:41:57,6,7,15054,31854
2023-12-21 12:42:04,5,7,14867,32041
2023-12-21 12:42:04,6,7,14867,32041
2023-12-21 12:42:35,5,7,14683,32225
2023-12-21 12:42:36,6,7,14683,32225
2023-12-21 12:42:38,5,7,14683,32225
2023-12-21 12:42:45,5,6,14683,32225
2023-12-21 12:43:10,4,6,14683,32225
2023-12-21 12:43:22,4,5,14683,32225
2023-12-21 12:44:16,4,6,14683,32225
2023-12-21 12:44:16,5,6,14683,32225
2023-12-21 12:45:21,4,6,14683,32225
2023-12-21 12:45:21,5,6,14683,32225
2023-12-21 12:46:48,4,6,14683,32225
2023-12-21 12:46:48,5,6,14683,32225
2023-12-21 12:46:53,4,6,14683,32225
2023-12-21 12:46:53,5,6,14683,32225
2023-12-21 12:47:05,4,6,14683,32225
2023-12-21 12:47:05,5,6,14683,32225
2023-12-21 12:47:30,4,6,14683,32225
2023-12-21 12:47:30,5,6,14683,32225
2023-12-21 12:49:00,4,6,14683,32225
2023-12-21 12:49:00,5,6,14683,32225
2023-12-21 12:49:03,4,6,14683,32225
2023-12-21 12:49:04,5,6,14683,32225
2023-12-21 12:49:05,4,6,14683,32225
2023-12-21 12:49:08,5,6,14683,32225
2023-12-21 12:49:13,4,6,14683,32225
2023-12-21 12:49:33,5,6,14683,32225
2023-12-21 12:49:38,4,6,14683,32225
2023-12-21 12:49:42,5,6,14683,32225
2023-12-21 12:49:43,4,5,14683,32386
2023-12-21 12:51:07,4,6,14683,32386
2023-12-21 12:51:09,5,6,14683,32386
2023-12-21 12:51:10,4,6,14683,32386
2023-12-21 12:51:11,5,6,14683,32386
2023-12-21 12:51:17,4,6,14683,32386
2023-12-21 12:51:18,5,6,14683,32386
2023-12-21 12:51:32,4,6,14683,32386
2023-12-21 12:51:32,5,6,14683,32386
2023-12-21 12:51:38,4,6,14683,32386
2023-12-21 12:51:42,5,6,14683,32386
2023-12-21 12:51:46,4,6,14683,32386
2023-12-21 12:51:46,5,6,14683,32386
2023-12-21 12:51:49,4,6,14683,32386
2023-12-21 12:51:55,5,6,14683,32386
2023-12-21 12:52:12,4,6,14683,32386
2023-12-21 12:52:12,4,5,14683,32386
2023-12-21 12:53:42,3,5,14883,32586
2023-12-21 12:53:43,4,5,14883,32586
2023-12-21 12:53:43,3,4,14883,32733
2023-12-21 12:54:46,2,3,15283,33265
2023-12-21 12:54:52,2,3,15783,33765
2023-12-21 12:54:59,2,3,16283,34265
2023-12-21 12:55:00,2,3,16783,34765
2023-12-21 13:00:15,2,4,16783,34765
2023-12-21 13:00:15,3,4,16783,34765
2023-12-21 13:00:52,3,5,16783,34765
2023-12-21 13:00:57,3,4,16783,34765
2023-12-21 13:01:01,2,4,16783,34765
2023-12-21 13:01:01,3,4,16783,34765
2023-12-21 13:01:14,2,4,16783,34765
2023-12-21 13:01:14,3,4,16783,34765
2023-12-21 13:01:27,2,4,16783,34765
2023-12-21 13:01:27,3,4,16783,34765
2023-12-21 13:01:34,2,4,16783,34765
2023-12-21 13:01:34,3,4,16783,34765
2023-12-21 13:01:43,3,5,16783,34765
2023-12-21 13:01:46,4,5,16783,34765
2023-12-21 13:01:49,3,5,16783,34765
2023-12-21 13:02:01,4,5,16783,34765
2023-12-21 13:03:06,4,5,16983,34965
2023-12-21 13:03:19,3,5,17183,35165
2023-12-21 13:03:20,3,4,17183,35165
2023-12-21 13:03:36,2,4,17183,35165
2023-12-21 13:03:36,3,4,17183,35165
2023-12-21 13:03:43,2,4,17183,35165
2023-12-21 13:03:43,3,4,17183,35165
2023-12-21 13:03:56,2,4,17183,35165
2023-12-21 13:03:56,3,4,17183,35165
2023-12-21 13:04:08,2,3,17183,35319
2023-12-21 13:04:08,2,3,17183,35379
2023-12-21 13:04:11,2,3,17683,35879
2023-12-21 13:04:12,2,3,18183,36379
2023-12-21 13:04:17,2,3,18683,36879
2023-12-21 13:04:20,2,3,19183,37379
2023-12-21 13:04:32,2,3,19478,37679
2023-12-21 13:05:00,2,3,19978,38179
2023-12-21 13:05:00,2,5,19978,38179
2023-12-21 13:06:53,2,4,19978,38179
2023-12-21 13:07:27,3,4,19978,38179
2023-12-21 13:07:34,2,4,19978,38179
2023-12-21 13:07:34,3,4,19978,38179
2023-12-21 13:07:44,2,4,19978,38179
2023-12-21 13:07:50,3,4,19978,38179
2023-12-21 13:07:51,2,4,19978,38179
2023-12-21 13:07:51,3,4,19978,38179
2023-12-21 13:07:55,2,4,19978,38179
2023-12-21 13:07:55,3,4,19978,38179
2023-12-21 13:07:57,2,4,19978,38179
2023-12-21 13:07:59,3,4,19978,38179
2023-12-21 13:08:04,2,4,19978,38179
2023-12-21 13:08:11,2,3,19978,38179
2023-12-21 13:12:16,2,3,19978,38299
2023-12-21 13:12:17,2,3,19978,38359
2023-12-21 13:12:30,2,3,19978,38634
2023-12-21 13:13:09,2,3,20278,38934
2023-12-21 13:13:15,2,3,20278,39054
2023-12-21 13:17:41,1,2,20278,39104
2023-12-21 13:17:42,1,2,20197,39284
2023-12-21 13:17:43,1,3,20197,39284
2023-12-21 13:17:43,1,2,20197,39284
2023-12-21 13:18:26,1,3,20197,39284
2023-12-21 13:18:50,1,2,20197,39284
2023-12-21 13:18:56,1,3,20197,39284
2023-12-21 13:18:57,1,2,20197,39284
2023-12-21 13:19:55,1,2,20198,39285
2023-12-21 13:21:13,1,3,20198,39285
2023-12-21 13:22:26,2,3,20198,39285
2023-12-21 13:22:28,2,3,20598,39685
2023-12-21 13:23:46,1,3,20598,39685
2023-12-21 13:24:07,2,3,20598,39685
2023-12-21 13:24:20,2,3,21098,40185
2023-12-21 13:24:29,2,3,21598,40685
2023-12-21 13:24:34,2,3,22098,41185
2023-12-21 13:24:48,1,3,22098,41185
2023-12-21 13:25:39,2,3,22098,41185
2023-12-21 13:29:23,3,5,22098,41186
2023-12-21 13:30:39,5,6,22098,41187
2023-12-21 13:31:38,5,7,22098,41187
2023-12-21 13:31:56,5,6,22098,41187
2023-12-21 13:32:04,5,7,22098,41187
2023-12-21 13:32:04,5,6,22098,41187
2023-12-21 13:32:08,5,7,22098,41187
2023-12-21 13:32:10,5,6,22098,41187
2023-12-21 13:32:24,5,7,22098,41187
2023-12-21 13:32:26,5,6,22098,41187
2023-12-21 13:32:28,5,7,22098,41187
2023-12-21 13:32:38,5,6,22098,41187
2023-12-21 13:33:05,3,5,22091,41194
2023-12-21 13:34:12,3,6,22091,41194
2023-12-21 13:34:20,3,5,22091,41194
2023-12-21 13:34:31,3,6,22091,41194
2023-12-21 13:34:32,3,5,22091,41194
2023-12-21 13:34:48,3,6,22091,41194
2023-12-21 13:34:48,3,5,22091,41194
2023-12-21 13:34:51,3,6,22091,41194
2023-12-21 13:34:52,3,5,22091,41194
2023-12-21 13:35:30,3,4,22091,41194
2023-12-21 13:36:07,3,5,22091,41194
2023-12-21 13:36:19,3,4,22091,41194
2023-12-21 13:36:38,3,5,22091,41194
2023-12-21 13:38:39,3,4,22091,41194
2023-12-21 13:39:17,3,5,22091,41194
2023-12-21 13:39:43,3,4,22091,41194
2023-12-21 13:40:12,1,4,22091,41194
2023-12-21 13:40:53,2,4,22091,41194
2023-12-21 13:41:01,1,4,22491,41594
2023-12-21 13:41:06,2,4,22491,41594
2023-12-21 13:41:10,1,4,22491,41594
2023-12-21 13:41:21,2,4,22491,41594
2023-12-21 13:43:41,2,3,22491,41594
2023-12-21 13:45:19,2,4,22491,41594
2023-12-21 13:46:18,2,5,22491,41594
2023-12-21 13:46:21,2,4,22491,41594
2023-12-21 13:46:50,3,4,22491,41594
2023-12-21 13:48:12,2,4,22491,41594
2023-12-21 13:48:12,2,3,22491,41594
2023-12-21 13:48:12,2,3,22491,41721
2023-12-21 13:48:26,2,4,22491,41721
2023-12-21 13:48:26,3,4,22491,41721
2023-12-21 13:48:43,2,4,22491,41721
2023-12-21 13:48:44,3,4,22491,41721
2023-12-21 13:49:02,2,4,22491,41721
2023-12-21 13:49:02,3,4,22491,41721
2023-12-21 13:49:29,2,4,22491,41721
2023-12-21 13:49:29,3,4,22491,41721
2023-12-21 13:49:38,2,4,22491,41721
2023-12-21 13:49:38,3,4,22491,41721
2023-12-21 13:49:41,2,4,22491,41721
2023-12-21 13:49:41,3,4,22491,41721
2023-12-21 13:50:07,2,4,22491,41721
2023-12-21 13:50:10,3,4,22491,41721
2023-12-21 13:50:15,2,4,22491,41721
2023-12-21 13:50:16,3,4,22491,41721
2023-12-21 13:50:55,2,4,22491,41721
2023-12-21 13:50:57,3,4,22491,41721
2023-12-21 13:51:00,2,4,22491,41721
2023-12-21 13:51:01,3,4,22491,41721
2023-12-21 13:51:36,2,4,22491,41721
2023-12-21 13:51:36,3,4,22491,41721
2023-12-21 13:51:44,2,4,22491,41721
2023-12-21 13:51:45,3,4,22491,41721
2023-12-21 13:51:50,2,4,22491,41721
2023-12-21 13:51:50,3,4,22491,41721
2023-12-21 13:51:58,2,4,22491,41721
2023-12-21 13:51:58,3,4,22491,41721
2023-12-21 13:52:01,2,4,22491,41721
2023-12-21 13:52:02,2,3,22491,41721
2023-12-21 13:52:04,2,4,22491,41721
2023-12-21 13:52:07,3,4,22491,41721
2023-12-21 13:52:08,2,4,22491,41721
2023-12-21 13:52:10,3,4,22491,41721
2023-12-21 13:52:11,2,4,22491,41721
2023-12-21 13:52:13,3,4,22491,41721
2023-12-21 13:52:20,2,4,22491,41721
2023-12-21 13:52:21,3,4,22491,41721
2023-12-21 13:52:25,2,4,22491,41721
2023-12-21 13:52:26,3,4,22491,41721
2023-12-21 13:52:59,2,4,22491,41721
2023-12-21 13:52:59,3,4,22491,41721
2023-12-21 13:53:01,2,4,22491,41721
2023-12-21 13:53:01,3,4,22491,41721
2023-12-21 13:53:10,3,5,22491,41721
2023-12-21 13:53:10,2,5,22491,41721
2023-12-21 13:53:10,3,5,22491,41721
2023-12-21 13:53:10,3,4,22491,41721
2023-12-21 13:53:16,3,5,22491,41721
2023-12-21 13:53:17,3,4,22491,41721
2023-12-21 13:53:18,3,5,22491,41721
2023-12-21 13:53:51,2,5,22491,41721
2023-12-21 13:53:51,3,5,22491,41721
2023-12-21 13:53:58,3,4,22491,41721
2023-12-21 13:54:10,2,4,22491,41721
2023-12-21 13:54:10,3,4,22491,41721
2023-12-21 13:54:30,2,4,22491,41721
2023-12-21 13:54:30,3,4,22491,41721
2023-12-21 13:54:43,2,4,22491,41721
2023-12-21 13:54:47,3,4,22491,41721
2023-12-21 13:55:01,2,4,22491,41721
2023-12-21 13:55:01,3,4,22491,41721
2023-12-21 13:55:31,2,4,22491,41721
2023-12-21 13:55:31,3,4,22491,41721
2023-12-21 13:55:40,3,5,22491,41721
2023-12-21 13:55:42,2,5,22491,41721
2023-12-21 13:55:42,4,5,22491,41721
2023-12-21 13:55:44,2,5,22491,41721
2023-12-21 13:55:44,4,5,22491,41721
2023-12-21 13:55:45,2,5,22491,41721
2023-12-21 13:55:45,3,5,22491,41721
2023-12-21 13:56:04,3,4,22491,41721
2023-12-21 13:56:10,2,4,22491,41721
2023-12-21 13:56:10,3,4,22491,41721
2023-12-21 13:56:17,2,4,22491,41721
2023-12-21 13:56:17,3,4,22491,41721
2023-12-21 13:56:32,3,5,22491,41721
2023-12-21 13:56:38,3,4,22491,41721
2023-12-21 13:56:43,2,4,22491,41721
2023-12-21 13:56:44,3,4,22491,41721
2023-12-21 13:56:46,3,5,22491,41721
2023-12-21 13:56:51,3,4,22491,41721
2023-12-21 13:56:53,3,5,22491,41994
2023-12-21 13:57:00,2,5,22491,41994
2023-12-21 13:57:00,4,5,22491,41994
2023-12-21 13:57:00,2,5,22491,41994
2023-12-21 13:57:00,4,5,22491,41994
2023-12-21 13:57:04,2,5,22645,42148
2023-12-21 13:57:04,3,5,22645,42148
2023-12-21 13:57:05,3,5,22647,42150
2023-12-21 13:57:11,3,6,22647,42150
2023-12-21 13:57:11,2,6,22647,42150
2023-12-21 13:57:11,2,5,22647,42150
2023-12-21 13:57:11,4,5,22647,42150
2023-12-21 13:57:23,4,5,22649,42152
2023-12-21 13:57:23,2,5,22649,42152
2023-12-21 13:57:24,3,5,22649,42152
2023-12-21 13:57:39,3,4,22649,42152
2023-12-21 13:58:13,2,4,22649,42152
2023-12-21 13:58:13,3,4,22649,42152
2023-12-21 13:58:19,3,5,22649,42152
2023-12-21 13:58:20,3,4,22649,42152
2023-12-21 13:58:24,3,5,22649,42152
2023-12-21 13:58:39,2,5,22649,42152
2023-12-21 13:58:39,3,5,22649,42152
2023-12-21 13:59:04,2,5,22649,42152
2023-12-21 13:59:05,3,5,22649,42152
2023-12-21 13:59:19,2,5,22649,42152
2023-12-21 13:59:19,4,5,22649,42152
2023-12-21 13:59:24,2,5,22649,42152
2023-12-21 13:59:24,4,5,22649,42152
2023-12-21 13:59:24,2,5,22649,42152
2023-12-21 13:59:24,4,5,22649,42152
2023-12-21 13:59:45,2,5,22649,42152
2023-12-21 13:59:45,4,5,22649,42152
2023-12-21 13:59:51,2,5,22649,42152
2023-12-21 13:59:51,4,5,22649,42152
2023-12-21 14:00:05,2,4,22649,42305
2023-12-21 14:00:05,3,4,22649,42305
2023-12-21 14:00:06,3,5,22649,42305
2023-12-21 14:00:29,2,5,22649,42305
2023-12-21 14:00:29,3,5,22649,42305
2023-12-21 14:00:33,3,4,22649,42305
2023-12-21 14:00:43,2,4,22649,42305
2023-12-21 14:00:43,3,4,22649,42305
2023-12-21 14:00:48,2,4,22649,42305
2023-12-21 14:00:49,3,4,22649,42305
2023-12-21 14:01:03,3,4,22649,42620
2023-12-21 14:01:03,3,5,22649,42620
2023-12-21 14:01:03,3,4,22649,42620
2023-12-21 14:01:07,3,5,22649,42620
2023-12-21 14:01:08,3,4,22649,42620
2023-12-21 14:01:16,3,5,22649,42620
2023-12-21 14:01:21,2,5,22649,42620
2023-12-21 14:01:21,4,5,22649,42620
2023-12-21 14:01:21,2,5,22649,42620
2023-12-21 14:01:21,4,5,22649,42620
2023-12-21 14:01:25,2,5,22649,42620
2023-12-21 14:01:25,3,5,22649,42620
2023-12-21 14:01:42,2,5,22649,42620
2023-12-21 14:01:43,3,5,22649,42620
2023-12-21 14:01:51,2,5,22649,42620
2023-12-21 14:01:51,4,5,22649,42620
2023-12-21 14:01:51,2,5,22649,42620
2023-12-21 14:01:51,4,5,22649,42620
2023-12-21 14:01:59,2,5,22649,42620
2023-12-21 14:01:59,4,5,22649,42620
2023-12-21 14:01:59,2,5,22649,42620
2023-12-21 14:01:59,4,5,22649,42620
2023-12-21 14:01:59,2,5,22649,42620
2023-12-21 14:01:59,4,5,22649,42620
2023-12-21 14:02:04,2,5,22649,42620
2023-12-21 14:02:04,3,5,22649,42620
2023-12-21 14:02:07,2,5,22649,42620
2023-12-21 14:02:08,3,5,22649,42620
2023-12-21 14:02:16,2,5,22649,42620
2023-12-21 14:02:16,3,5,22649,42620
2023-12-21 14:02:37,4,5,22649,42620
2023-12-21 14:02:42,2,5,22649,42620
2023-12-21 14:02:42,3,5,22649,42620
2023-12-21 14:02:44,2,5,22649,42620
2023-12-21 14:02:44,3,5,22649,42620
2023-12-21 14:02:49,2,5,22649,42620
2023-12-21 14:02:50,3,5,22649,42620
2023-12-21 14:02:59,2,5,22649,42620
2023-12-21 14:02:59,3,5,22649,42620
2023-12-21 14:03:10,3,4,22649,42620
2023-12-21 14:03:24,3,5,22649,42620
2023-12-21 14:03:25,3,4,22649,42620
2023-12-21 14:03:54,2,4,22649,42620
2023-12-21 14:03:55,3,4,22649,42620
2023-12-21 14:04:19,2,4,22649,42620
2023-12-21 14:04:19,3,4,22649,42620
2023-12-21 14:04:31,2,4,22649,42620
2023-12-21 14:04:31,3,4,22649,42620
2023-12-21 14:05:13,3,5,22649,42620
2023-12-21 14:05:16,3,4,22649,42620
2023-12-21 14:05:20,2,4,22649,42620
2023-12-21 14:05:20,3,4,22649,42620
2023-12-21 14:05:29,2,4,22649,42620
2023-12-21 14:05:29,3,4,22649,42620
2023-12-21 14:05:46,2,4,22649,42620
2023-12-21 14:05:46,3,4,22649,42620
2023-12-21 14:05:51,2,4,22649,42620
2023-12-21 14:05:51,3,4,22649,42620
2023-12-21 14:06:29,2,4,22649,42620
2023-12-21 14:06:29,3,4,22649,42620
2023-12-21 14:07:02,2,4,22649,42620
2023-12-21 14:07:03,2,3,22649,42620
2023-12-21 14:07:04,2,4,22649,42620
2023-12-21 14:07:05,2,3,22649,42620
2023-12-21 14:07:30,2,4,22649,42620
2023-12-21 14:07:30,3,4,22649,42620
2023-12-21 14:07:34,2,4,22649,42620
2023-12-21 14:07:54,3,4,22649,42620
2023-12-21 14:07:56,2,4,22649,42620
2023-12-21 14:08:03,3,4,22649,42620
2023-12-21 14:08:05,2,4,22649,42620
2023-12-21 14:08:07,2,3,22649,42620
2023-12-21 14:08:09,2,4,22649,42620
2023-12-21 14:08:10,3,4,22649,42620
2023-12-21 14:08:11,2,4,22649,42620
2023-12-21 14:08:11,2,3,22649,42620
2023-12-21 14:08:13,2,4,22649,42620
2023-12-21 14:08:14,2,3,22649,42620
2023-12-21 14:08:16,2,4,22649,42620
2023-12-21 14:08:16,2,3,22649,42620
2023-12-21 14:10:51,2,4,22649,42620
2023-12-21 14:11:15,2,3,22649,42620
2023-12-21 14:11:22,2,4,22649,42620
2023-12-21 14:11:23,2,3,22649,42620
2023-12-21 14:11:32,2,4,22649,42620
2023-12-21 14:11:49,2,3,22649,42620
2023-12-21 14:12:05,2,4,22649,42620
2023-12-21 14:12:05,2,3,22649,42620
2023-12-21 14:12:09,2,4,22649,42620
2023-12-21 14:12:10,2,3,22649,42620
2023-12-21 14:12:15,2,4,22649,42620
2023-12-21 14:12:16,2,3,22649,42620
2023-12-21 14:13:28,2,3,22449,42820
2023-12-21 14:13:45,1,3,22449,42820
2023-12-21 14:16:23,1,2,22449,42820
2023-12-21 14:17:30,2,3,22049,43220
2023-12-21 14:19:49,2,4,22049,43220
2023-12-21 14:19:57,3,4,22049,43220
2023-12-21 14:19:57,3,5,22049,43220
2023-12-21 14:19:59,2,5,22049,43220
2023-12-21 14:19:59,2,4,22049,43220
2023-12-21 14:20:17,3,4,22049,43220
2023-12-21 14:20:20,2,4,22049,43220
2023-12-21 14:20:20,3,4,22049,43220
2023-12-21 14:20:21,2,4,22049,43220
2023-12-21 14:20:22,3,4,22049,43220
2023-12-21 14:20:29,2,4,22049,43220
2023-12-21 14:20:31,3,4,22049,43220
2023-12-21 14:20:36,2,4,22049,43220
2023-12-21 14:20:38,3,4,22049,43220
2023-12-21 14:20:47,2,4,22049,43220
2023-12-21 14:20:47,3,4,22049,43220
2023-12-21 14:20:52,2,4,22049,43220
2023-12-21 14:20:53,3,4,22049,43220
2023-12-21 14:21:00,2,4,22049,43220
2023-12-21 14:21:00,3,4,22049,43220
2023-12-21 14:21:09,2,4,22049,43220
2023-12-21 14:21:09,3,4,22049,43220
2023-12-21 14:21:24,2,4,22049,43220
2023-12-21 14:21:24,3,4,22049,43220
2023-12-21 14:21:26,2,4,22049,43220
2023-12-21 14:21:26,3,4,22049,43220
2023-12-21 14:21:41,2,4,22049,43220
2023-12-21 14:21:41,3,4,22049,43220
2023-12-21 14:21:47,2,4,22049,43220
2023-12-21 14:21:48,3,4,22049,43220
2023-12-21 14:21:50,2,4,22049,43220
2023-12-21 14:21:51,3,4,22049,43220
2023-12-21 14:21:53,2,4,22049,43220
2023-12-21 14:21:56,3,4,22049,43220
2023-12-21 14:21:57,2,4,22049,43220
2023-12-21 14:21:58,2,3,22049,43220
2023-12-21 14:24:42,1,3,22049,43220
2023-12-21 14:26:54,2,3,22049,43220
2023-12-21 14:31:06,1,3,22049,43220
2023-12-21 14:32:07,2,3,22049,43220
2023-12-21 14:34:42,3,4,21688,43581
2023-12-21 14:35:31,3,4,21488,43781
2023-12-21 14:35:42,2,4,21488,43781
2023-12-21 14:35:42,2,3,21488,43781
2023-12-21 14:36:02,2,4,21488,43781
2023-12-21 14:36:02,2,3,21488,43781
2023-12-21 14:39:12,2,4,21488,43781
2023-12-21 14:39:13,2,3,21488,43781
2023-12-21 14:43:05,2,3,21488,43942
2023-12-21 14:43:32,2,3,21488,44142
2023-12-21 14:44:01,2,4,21488,44142
2023-12-21 14:44:01,2,3,21488,44142
2023-12-21 14:45:20,2,4,21488,44142
2023-12-21 14:45:20,3,4,21488,44142
2023-12-21 14:45:22,2,4,21488,44142
2023-12-21 14:45:23,2,3,21488,44142
2023-12-21 14:46:46,2,4,21488,44700
2023-12-21 14:46:47,2,3,21488,44700
2023-12-21 14:48:48,2,3,21488,44734
2023-12-21 14:49:35,1,3,21488,44734
2023-12-21 14:49:42,1,2,21488,44734
2023-12-21 14:51:52,1,2,21488,44782
2023-12-21 14:52:00,1,3,21488,44782
2023-12-21 14:53:29,1,2,21488,44782
2023-12-21 14:56:58,1,2,21288,44982
2023-12-21 14:57:05,1,2,21277,45182
2023-12-21 14:57:18,1,2,21236,45242
2023-12-21 14:57:19,1,2,21236,45342
2023-12-21 15:04:19,1,2,21197,45402
2023-12-21 15:11:40,0,2,21197,45555
2023-12-21 15:15:55,0,1,21197,45555
2023-12-21 15:20:47,0,2,21340,45698
2023-12-21 15:24:23,0,1,21340,45698
2023-12-21 15:25:45,0,2,21340,45698
2023-12-21 15:26:58,0,3,21340,45698
2023-12-21 15:27:18,0,2,21340,45698
2023-12-21 15:27:19,0,3,21340,45698
2023-12-21 15:27:49,1,3,21340,45698
2023-12-21 15:27:56,1,4,21340,45698
2023-12-21 15:28:08,2,4,21340,45698
2023-12-21 15:28:22,2,5,21340,45698
2023-12-21 15:28:22,3,5,21340,45698
2023-12-21 15:28:26,4,5,21340,45698
2023-12-21 15:28:26,4,5,21340,45711
2023-12-21 15:28:28,4,5,21340,45771
2023-12-21 15:28:29,3,5,21340,45771
2023-12-21 15:28:33,3,6,21340,45771
2023-12-21 15:28:36,4,6,21340,45771
2023-12-21 15:28:40,5,6,21340,45771
2023-12-21 15:28:42,5,6,21340,45971
2023-12-21 15:28:45,5,6,21481,46171
2023-12-21 15:28:46,5,7,21481,46171
2023-12-21 15:28:49,6,7,21481,46171
2023-12-21 15:29:03,7,8,21482,46172
2023-12-21 15:29:11,7,8,21482,46183
2023-12-21 15:29:12,8,9,21546,46247
2023-12-21 15:29:13,7,9,21546,46247
2023-12-21 15:29:14,8,9,21546,46247
2023-12-21 15:29:30,9,10,21547,46248
2023-12-21 15:29:44,8,10,21547,46248
2023-12-21 15:29:44,8,11,21547,46248
2023-12-21 15:29:48,8,10,21547,46248
2023-12-21 15:29:49,9,10,21547,46248
2023-12-21 15:30:00,9,11,21547,46248
2023-12-21 15:30:00,10,11,21547,46248
2023-12-21 15:30:01,11,12,21622,46323
2023-12-21 15:30:02,12,13,21697,46398
2023-12-21 15:30:03,11,13,21697,46398
2023-12-21 15:30:08,11,13,21699,46400
2023-12-21 15:30:11,11,14,21699,46400
2023-12-21 15:30:18,11,14,21701,46402
2023-12-21 15:30:20,11,13,21701,46402
2023-12-21 15:30:28,11,13,21703,46404
2023-12-21 15:30:29,11,14,21703,46404
2023-12-21 15:30:32,12,14,21703,46404
2023-12-21 15:30:36,12,14,21705,46406
2023-12-21 15:30:37,11,14,21705,46406
2023-12-21 15:30:45,11,13,21705,46406
2023-12-21 15:30:46,11,13,21707,46408
2023-12-21 15:30:47,10,13,21907,46608
2023-12-21 15:30:55,10,12,21907,46608
2023-12-21 15:30:56,9,12,21907,46608
2023-12-21 15:30:56,9,12,21909,46610
2023-12-21 15:31:02,9,11,21909,46610
2023-12-21 15:31:06,9,11,21911,46612
2023-12-21 15:31:07,8,11,21911,46612
2023-12-21 15:31:07,8,10,21911,46612
2023-12-21 15:31:08,8,9,21911,46612
2023-12-21 15:31:09,7,9,22111,46812
2023-12-21 15:31:10,7,8,22111,46812
2023-12-21 15:31:12,6,8,22111,46812
2023-12-21 15:31:12,6,7,22111,46812
2023-12-21 15:31:14,6,8,22111,46812
2023-12-21 15:31:15,7,8,22111,46812
2023-12-21 15:31:15,7,8,22111,46814
2023-12-21 15:31:24,7,8,22111,46816
2023-12-21 15:31:33,7,8,22111,46818
2023-12-21 15:31:34,7,9,22111,46818
2023-12-21 15:31:34,8,9,22111,46818
2023-12-21 15:31:39,8,9,22111,47018
2023-12-21 15:31:43,8,9,22111,47020
2023-12-21 15:31:53,8,9,22111,47022
2023-12-21 15:32:02,8,9,22111,47024
2023-12-21 15:32:06,8,10,22111,47024
2023-12-21 15:32:06,8,9,22111,47024
2023-12-21 15:32:11,8,9,22111,47026
2023-12-21 15:32:21,8,9,22111,47028
2023-12-21 15:32:26,8,10,22111,47028
2023-12-21 15:32:26,7,9,22111,47028
2023-12-21 15:32:26,7,9,22111,47037
2023-12-21 15:32:30,7,9,22113,47039
2023-12-21 15:32:39,7,9,22115,47041
2023-12-21 15:32:45,7,10,22115,47041
2023-12-21 15:32:49,7,10,22117,47043
2023-12-21 15:32:54,8,10,22117,47043
2023-12-21 15:32:59,8,10,22119,47045
2023-12-21 15:33:05,7,10,22119,47045
2023-12-21 15:33:06,7,9,22119,47045
2023-12-21 15:33:08,7,9,22121,47047
2023-12-21 15:33:12,7,10,22121,47047
2023-12-21 15:33:13,7,9,22121,47047
2023-12-21 15:33:16,7,9,22123,47049
2023-12-21 15:33:23,8,9,22123,47049
2023-12-21 15:33:24,8,10,22123,47049
2023-12-21 15:33:32,8,11,22123,47049
2023-12-21 15:33:36,9,11,22123,47049
2023-12-21 15:34:19,8,11,22123,47049
2023-12-21 15:34:25,8,10,22123,47049
2023-12-21 15:34:28,8,11,22123,47049
2023-12-21 15:34:35,8,10,22123,47049
2023-12-21 15:34:36,7,10,22123,47049
2023-12-21 15:34:38,7,9,22123,47049
2023-12-21 15:34:43,7,10,22123,47049
2023-12-21 15:34:47,7,9,22123,47049
2023-12-21 15:34:48,7,10,22123,47049
2023-12-21 15:34:52,7,9,22123,47049
2023-12-21 15:34:53,7,10,22123,47049
2023-12-21 15:35:08,7,9,22123,47049
2023-12-21 15:35:15,7,10,22123,47049
2023-12-21 15:35:17,7,9,22123,47049
2023-12-21 15:35:19,7,10,22123,47049
2023-12-21 15:35:22,8,10,22123,47049
2023-12-21 15:35:40,9,10,22123,47049
2023-12-21 15:35:40,9,11,22123,47049
2023-12-21 15:35:52,11,12,22124,47062
2023-12-21 15:36:01,11,12,22126,47064
2023-12-21 15:36:02,9,12,22126,47064
2023-12-21 15:36:04,8,12,22126,47064
2023-12-21 15:36:10,8,11,22126,47064
2023-12-21 15:36:11,9,11,22126,47064
2023-12-21 15:36:14,9,12,22126,47064
2023-12-21 15:36:19,10,12,22126,47064
2023-12-21 15:36:28,10,12,22326,47264
2023-12-21 15:36:28,11,12,22326,47264
2023-12-21 15:36:28,11,12,22338,47359
2023-12-21 15:36:30,11,14,22338,47359
2023-12-21 15:36:32,11,13,22338,47359
2023-12-21 15:36:36,9,13,22338,47359
2023-12-21 15:36:37,10,13,22340,47361
2023-12-21 15:36:38,10,12,22340,47361
2023-12-21 15:36:49,10,13,22340,47361
2023-12-21 15:36:50,11,13,22340,47361
2023-12-21 15:36:51,11,14,22340,47361
2023-12-21 15:36:52,11,13,22340,47361
2023-12-21 15:36:53,11,14,22340,47361
2023-12-21 15:36:57,11,14,22342,47363
2023-12-21 15:37:07,11,14,22344,47365
2023-12-21 15:37:09,12,14,22344,47365
2023-12-21 15:37:13,13,14,22344,47365
2023-12-21 15:37:16,13,14,22346,47367
2023-12-21 15:37:24,14,16,22347,47368
2023-12-21 15:37:25,14,16,22349,47370
2023-12-21 15:37:25,15,16,22349,47370
2023-12-21 15:37:28,15,16,22349,47373
2023-12-21 15:37:28,15,17,22349,47373
2023-12-21 15:37:29,16,17,22349,47373
2023-12-21 15:37:33,16,17,22351,47375
2023-12-21 15:37:34,17,19,22352,47376
2023-12-21 15:37:36,18,19,22352,47376
2023-12-21 15:37:36,18,21,22352,47376
2023-12-21 15:37:36,18,20,22352,47376
2023-12-21 15:37:41,17,20,22352,47376
2023-12-21 15:37:42,17,20,22354,47378
2023-12-21 15:37:44,17,21,22354,47378
2023-12-21 15:37:44,17,19,22354,47378
2023-12-21 15:37:46,16,19,22354,47378
2023-12-21 15:37:47,16,20,22354,47378
2023-12-21 15:37:47,16,19,22354,47378
2023-12-21 15:37:47,16,18,22354,47378
2023-12-21 15:37:48,15,18,22354,47378
2023-12-21 15:37:49,16,18,22354,47378
2023-12-21 15:37:50,16,18,22356,47380
2023-12-21 15:37:56,16,20,22356,47380
2023-12-21 15:37:56,16,19,22356,47380
2023-12-21 15:37:58,17,19,22356,47380
2023-12-21 15:37:59,17,19,22358,47382
2023-12-21 15:38:00,17,20,22358,47388
2023-12-21 15:38:01,17,21,22358,47388
2023-12-21 15:38:05,18,21,22358,47388
2023-12-21 15:38:06,17,21,22358,47388
2023-12-21 15:38:07,18,21,22358,47388
2023-12-21 15:38:08,18,21,22360,47390
2023-12-21 15:38:11,18,22,22360,47390
2023-12-21 15:38:16,19,22,22362,47392
2023-12-21 15:38:22,18,22,22362,47392
2023-12-21 15:38:24,18,21,22362,47392
2023-12-21 15:38:25,17,21,22362,47392
2023-12-21 15:38:25,17,21,22364,47394
2023-12-21 15:38:26,18,21,22364,47394
2023-12-21 15:38:29,17,21,22364,47394
2023-12-21 15:38:29,16,20,22364,47394
2023-12-21 15:38:31,15,20,22364,47394
2023-12-21 15:38:31,15,19,22364,47394
2023-12-21 15:38:33,15,18,22364,47394
2023-12-21 15:38:34,15,18,22366,47396
2023-12-21 15:38:40,14,18,22366,47396
2023-12-21 15:38:43,14,18,22368,47398
2023-12-21 15:38:46,15,18,22368,47398
2023-12-21 15:38:48,14,18,22368,47398
2023-12-21 15:38:52,14,19,22368,47398
2023-12-21 15:38:52,15,19,22368,47398
2023-12-21 15:38:56,15,20,22368,47398
2023-12-21 15:38:59,16,20,22368,47398
2023-12-21 15:39:01,16,21,22368,47398
2023-12-21 15:39:03,16,20,22368,47398
2023-12-21 15:39:05,16,21,22368,47398
2023-12-21 15:39:12,16,20,22368,47398
2023-12-21 15:39:13,16,21,22368,47398
2023-12-21 15:39:14,17,21,22368,47398
2023-12-21 15:39:14,17,22,22368,47398
2023-12-21 15:39:15,17,21,22368,47398
2023-12-21 15:39:19,17,22,22368,47398
2023-12-21 15:39:27,18,22,22368,47398
2023-12-21 15:39:33,18,23,22368,47398
2023-12-21 15:39:38,18,22,22368,47398
2023-12-21 15:39:41,17,22,22368,47398
2023-12-21 15:39:44,17,20,22368,47398
2023-12-21 15:39:44,16,20,22368,47398
2023-12-21 15:39:46,16,19,22368,47398
2023-12-21 15:39:46,15,19,22368,47398
2023-12-21 15:39:49,15,18,22368,47398
2023-12-21 15:39:52,14,18,22368,47398
2023-12-21 15:39:53,15,18,22368,47398
2023-12-21 15:40:00,15,18,22368,47452
2023-12-21 15:40:01,15,19,22368,47452
2023-12-21 15:40:09,15,20,22368,47452
2023-12-21 15:40:09,16,20,22368,47452
2023-12-21 15:40:26,17,20,22368,47452
2023-12-21 15:40:27,17,22,22368,47452
2023-12-21 15:40:50,17,21,22368,47452
2023-12-21 15:41:07,16,21,22368,47452
2023-12-21 15:41:09,16,20,22368,47452
2023-12-21 15:41:09,15,20,22368,47452
2023-12-21 15:41:13,15,18,22368,47452
2023-12-21 15:41:30,14,17,22368,47452
2023-12-21 15:41:31,14,16,22368,47452
2023-12-21 15:41:32,13,16,22368,47452
2023-12-21 15:41:32,13,15,22368,47452
2023-12-21 15:41:38,13,14,22368,47452
2023-12-21 15:41:39,12,14,22368,47452
2023-12-21 15:41:55,13,14,22368,47452
2023-12-21 15:41:58,13,15,22368,47452
2023-12-21 15:42:09,12,15,22368,47452
2023-12-21 15:42:12,13,15,22368,47452
2023-12-21 15:42:15,13,16,22368,47452
2023-12-21 15:42:18,13,17,22368,47452
2023-12-21 15:42:19,13,18,22368,47452
2023-12-21 15:42:21,14,18,22368,47452
2023-12-21 15:42:47,14,17,22368,47452
2023-12-21 15:42:47,13,17,22368,47452
2023-12-21 15:42:52,12,17,22368,47452
2023-12-21 15:42:52,12,16,22368,47452
2023-12-21 15:42:54,12,15,22368,47452
2023-12-21 15:43:02,11,15,22368,47452
2023-12-21 15:43:18,9,15,22368,47452
2023-12-21 15:43:18,10,14,22368,47452
2023-12-21 15:43:25,10,14,22370,47454
2023-12-21 15:43:25,10,13,22370,47454
2023-12-21 15:43:34,10,13,22372,47456
2023-12-21 15:43:42,9,13,22372,47456
2023-12-21 15:43:42,9,12,22372,47456
2023-12-21 15:43:53,9,13,22372,47456
2023-12-21 15:43:53,9,11,22372,47456
2023-12-21 15:43:55,8,11,22372,47456
2023-12-21 15:44:11,9,11,22372,47456
2023-12-21 15:44:11,9,12,22372,47456
2023-12-21 15:44:11,9,12,22372,47456
2023-12-21 15:44:13,8,12,22372,47456
2023-12-21 15:44:13,8,11,22372,47456
2023-12-21 15:44:21,7,11,22372,47456
2023-12-21 15:44:26,7,10,22372,47456
2023-12-21 15:44:29,6,10,22372,47456
2023-12-21 15:44:30,7,10,22372,47456
2023-12-21 15:44:34,6,10,22372,47456
2023-12-21 15:44:34,6,9,22372,47456
2023-12-21 15:44:45,5,9,22372,47456
2023-12-21 15:44:47,5,8,22372,47456
2023-12-21 15:45:11,5,7,22372,47456
2023-12-21 15:45:13,4,7,22372,47456
2023-12-21 15:45:18,5,7,22372,47456
2023-12-21 15:45:30,4,8,22372,47456
2023-12-21 15:45:31,4,7,22372,47456
2023-12-21 15:45:35,4,8,22372,47456
2023-12-21 15:45:35,5,8,22372,47456
2023-12-21 15:45:35,5,9,22372,47456
2023-12-21 15:45:42,6,9,22372,47456
2023-12-21 15:45:42,6,10,22372,47456
2023-12-21 15:45:49,6,9,22372,47456
2023-12-21 15:45:51,6,10,22372,47456
2023-12-21 15:46:00,7,10,22372,47456
2023-12-21 15:46:00,7,12,22372,47456
2023-12-21 15:46:00,7,11,22372,47456
2023-12-21 15:46:06,6,11,22372,47456
2023-12-21 15:46:07,6,10,22372,47456
2023-12-21 15:46:13,7,10,22372,47456
2023-12-21 15:46:19,7,13,22372,47456
2023-12-21 15:46:19,7,12,22372,47456
2023-12-21 15:46:21,8,12,22372,47456
2023-12-21 15:46:22,8,14,22372,47456
2023-12-21 15:46:22,8,13,22372,47456
2023-12-21 15:46:29,9,13,22372,47456
2023-12-21 15:46:34,10,13,22372,47456
2023-12-21 15:46:34,10,15,22372,47456
2023-12-21 15:46:34,10,16,22372,47456
2023-12-21 15:46:34,10,14,22372,47456
2023-12-21 15:46:35,10,16,22372,47456
2023-12-21 15:46:35,10,17,22372,47456
2023-12-21 15:46:35,10,15,22372,47456
2023-12-21 15:46:44,10,16,22372,47456
2023-12-21 15:46:44,10,14,22372,47456
2023-12-21 15:46:44,11,14,22372,47456
2023-12-21 15:46:52,11,16,22372,47456
2023-12-21 15:46:52,11,17,22372,47456
2023-12-21 15:46:52,11,15,22372,47456
2023-12-21 15:46:55,12,15,22372,47456
2023-12-21 15:47:06,11,15,22372,47456
2023-12-21 15:47:09,11,16,22372,47456
2023-12-21 15:47:09,11,14,22372,47456
2023-12-21 15:47:29,12,14,22372,47456
2023-12-21 15:47:29,12,16,22372,47456
2023-12-21 15:47:29,12,17,22372,47456
2023-12-21 15:47:29,12,15,22372,47456
2023-12-21 15:47:33,12,17,22372,47456
2023-12-21 15:47:33,12,18,22372,47456
2023-12-21 15:47:33,12,16,22372,47456
2023-12-21 15:47:34,13,16,22372,47456
2023-12-21 15:47:38,12,16,22372,47456
2023-12-21 15:47:39,12,17,22372,47456
2023-12-21 15:47:39,12,15,22372,47456
2023-12-21 15:47:40,12,16,22372,47456
2023-12-21 15:47:40,12,14,22372,47456
2023-12-21 15:47:54,12,16,22372,47456
2023-12-21 15:47:54,12,17,22372,47456
2023-12-21 15:47:54,12,15,22372,47456
2023-12-21 15:47:55,12,16,22372,47456
2023-12-21 15:47:55,12,14,22372,47456
2023-12-21 15:47:57,10,14,22372,47456
2023-12-21 15:48:01,10,15,22372,47456
2023-12-21 15:48:01,10,13,22372,47456
2023-12-21 15:48:10,10,14,22372,47456
2023-12-21 15:48:10,10,12,22372,47456
2023-12-21 15:48:11,10,14,22372,47456
2023-12-21 15:48:11,10,11,22372,47456
2023-12-21 15:48:11,9,11,22372,47456
2023-12-21 15:48:14,9,12,22372,47456
2023-12-21 15:48:14,9,10,22372,47456
2023-12-21 15:48:17,7,10,22372,47456
2023-12-21 15:48:19,7,11,22372,47456
2023-12-21 15:48:19,7,9,22372,47456
2023-12-21 15:48:20,6,9,22372,47456
2023-12-21 15:48:27,6,11,22372,47456
2023-12-21 15:48:27,6,10,22372,47456
2023-12-21 15:48:28,8,10,22372,47456
2023-12-21 15:48:28,8,11,22372,47456
2023-12-21 15:48:28,8,13,22372,47456
2023-12-21 15:48:28,8,11,22372,47456
2023-12-21 15:48:37,8,13,22372,47456
2023-12-21 15:48:37,8,10,22372,47456
2023-12-21 15:48:40,7,10,22372,47456
2023-12-21 15:48:45,7,11,22372,47456
2023-12-21 15:48:45,7,9,22372,47456
2023-12-21 15:48:47,7,10,22372,47456
2023-12-21 15:48:47,7,8,22372,47456
2023-12-21 15:48:51,7,10,22372,47456
2023-12-21 15:48:51,7,11,22372,47456
2023-12-21 15:48:51,7,9,22372,47456
2023-12-21 15:48:52,7,11,22372,47456
2023-12-21 15:48:52,7,12,22372,47456
2023-12-21 15:48:52,7,10,22372,47456
2023-12-21 15:49:00,7,12,22372,47456
2023-12-21 15:49:00,7,13,22372,47456
2023-12-21 15:49:00,7,11,22372,47456
2023-12-21 15:49:03,8,11,22372,47456
2023-12-21 15:49:06,7,11,22372,47456
2023-12-21 15:49:08,7,12,22372,47456
2023-12-21 15:49:08,7,10,22372,47456
2023-12-21 15:49:12,7,11,22372,47460
2023-12-21 15:49:21,7,13,22372,47460
2023-12-21 15:49:21,7,12,22372,47460
2023-12-21 15:49:25,7,11,22372,47460
2023-12-21 15:49:33,7,10,22372,47460
2023-12-21 15:49:46,7,11,22372,47460
2023-12-21 15:49:48,7,12,22372,47460
2023-12-21 15:49:50,7,11,22372,47460
2023-12-21 15:49:54,7,12,22447,47535
2023-12-21 15:49:54,7,11,22447,47535
2023-12-21 15:49:55,7,10,22447,47535
2023-12-21 15:50:00,7,12,22447,47535
2023-12-21 15:50:01,7,11,22447,47535
2023-12-21 15:50:02,7,13,22447,47535
2023-12-21 15:50:02,8,13,22447,47535
2023-12-21 15:50:03,9,13,22447,47535
2023-12-21 15:50:03,9,14,22447,47535
2023-12-21 15:50:05,11,14,22447,47535
2023-12-21 15:50:06,13,14,22447,47535
2023-12-21 15:50:06,13,16,22447,47535
2023-12-21 15:50:17,13,17,22447,47535
2023-12-21 15:50:19,13,15,22447,47535
2023-12-21 15:50:22,13,14,22447,47535
2023-12-21 15:50:25,10,14,22447,47535
2023-12-21 15:50:26,10,15,22447,47535
2023-12-21 15:50:26,9,15,22447,47535
2023-12-21 15:50:26,10,15,22447,47535
2023-12-21 15:50:26,11,15,22447,47535
2023-12-21 15:50:28,11,14,22447,47535
2023-12-21 15:50:28,9,14,22447,47535
2023-12-21 15:50:28,10,14,22447,47535
2023-12-21 15:50:31,10,15,22447,47535
2023-12-21 15:50:32,10,14,22447,47535
2023-12-21 15:50:34,9,14,22447,47535
2023-12-21 15:50:34,9,13,22447,47535
2023-12-21 15:50:35,9,14,22447,47535
2023-12-21 15:50:37,8,14,22447,47535
2023-12-21 15:50:37,10,14,22447,47535
2023-12-21 15:50:39,10,15,22447,47535
2023-12-21 15:50:39,9,15,22447,47535
2023-12-21 15:50:39,11,15,22447,47535
2023-12-21 15:50:46,11,16,22447,47535
2023-12-21 15:50:46,10,16,22447,47535
2023-12-21 15:50:46,10,17,22447,47535
2023-12-21 15:50:46,12,17,22447,47535
2023-12-21 15:50:51,11,17,22447,47535
2023-12-21 15:50:51,11,15,22447,47535
2023-12-21 15:50:51,10,15,22447,47535
2023-12-21 15:50:51,11,15,22447,47535
2023-12-21 15:50:51,10,15,22447,47535
2023-12-21 15:50:51,12,15,22447,47535
2023-12-21 15:50:52,10,15,22447,47535
2023-12-21 15:50:52,11,15,22447,47535
2023-12-21 15:51:02,11,17,22447,47535
2023-12-21 15:51:02,12,17,22447,47535
2023-12-21 15:51:02,14,17,22447,47535
2023-12-21 15:51:05,14,17,22447,47535
2023-12-21 15:51:05,13,17,22447,47535
2023-12-21 15:51:05,12,17,22447,47535
2023-12-21 15:51:05,13,17,22447,47535
2023-12-21 15:51:08,12,17,22447,47535
2023-12-21 15:51:09,13,17,22447,47535
2023-12-21 15:51:15,12,17,22447,47535
2023-12-21 15:51:16,13,17,22447,47535
2023-12-21 15:51:17,12,17,22447,47535
2023-12-21 15:51:20,12,15,22447,47535
2023-12-21 15:51:20,11,15,22447,47535
2023-12-21 15:51:20,10,15,22447,47535
2023-12-21 15:51:20,11,15,22447,47535
2023-12-21 15:51:21,10,15,22447,47535
2023-12-21 15:51:21,12,15,22447,47535
2023-12-21 15:51:22,12,17,22447,47535
2023-12-21 15:51:22,11,17,22447,47535
2023-12-21 15:51:22,13,17,22447,47535
2023-12-21 15:51:28,12,17,22447,47535
2023-12-21 15:51:28,12,18,22447,47535
2023-12-21 15:51:28,14,18,22447,47535
2023-12-21 15:51:31,13,18,22447,47535
2023-12-21 15:51:31,15,18,22447,47535
2023-12-21 15:51:34,13,18,22447,47535
2023-12-21 15:51:34,16,18,22447,47535
2023-12-21 15:51:39,15,18,22447,47535
2023-12-21 15:51:39,18,20,22432,47550
2023-12-21 15:51:39,15,20,22432,47550
2023-12-21 15:51:39,17,20,22432,47550
2023-12-21 15:51:41,18,20,22432,47550
2023-12-21 15:51:42,19,20,22432,47550
2023-12-21 15:51:42,21,23,22432,47551
2023-12-21 15:51:42,19,23,22432,47551
2023-12-21 15:51:42,20,23,22432,47551
2023-12-21 15:51:43,19,23,22432,47551
2023-12-21 15:51:45,17,23,22432,47551
2023-12-21 15:51:45,18,23,22432,47551
2023-12-21 15:51:49,18,20,22432,47551
2023-12-21 15:51:49,16,20,22432,47551
2023-12-21 15:51:49,15,20,22432,47551
2023-12-21 15:51:49,16,20,22432,47551
2023-12-21 15:51:50,16,17,22432,47551
2023-12-21 15:51:50,15,17,22432,47551
2023-12-21 15:51:50,15,17,22432,47611
2023-12-21 15:51:50,13,17,22432,47611
2023-12-21 15:51:56,13,19,22432,47611
2023-12-21 15:51:56,12,19,22432,47611
2023-12-21 15:51:56,13,19,22432,47611
2023-12-21 15:51:56,14,19,22432,47611
2023-12-21 15:51:57,13,19,22432,47611
2023-12-21 15:51:57,15,19,22432,47611
2023-12-21 15:51:58,15,20,22432,47611
2023-12-21 15:51:59,14,20,22432,47611
2023-12-21 15:51:59,16,20,22432,47611
2023-12-21 15:52:01,16,22,22432,47611
2023-12-21 15:52:01,17,22,22432,47611
2023-12-21 15:52:03,17,23,22432,47611
2023-12-21 15:52:03,16,23,22432,47611
2023-12-21 15:52:03,18,23,22432,47611
2023-12-21 15:52:04,16,23,22432,47611
2023-12-21 15:52:04,17,23,22432,47611
2023-12-21 15:52:04,19,23,22432,47611
2023-12-21 15:52:12,18,23,22432,47611
2023-12-21 15:52:16,19,23,22432,47611
2023-12-21 15:52:19,18,23,22432,47611
2023-12-21 15:52:20,19,23,22432,47611
2023-12-21 15:52:21,18,23,22432,47611
2023-12-21 15:52:22,19,23,22432,47611
2023-12-21 15:52:27,18,23,22432,47611
2023-12-21 15:52:27,20,23,22432,47611
2023-12-21 15:52:31,18,23,22432,47611
2023-12-21 15:52:35,19,23,22432,47611
2023-12-21 15:52:41,20,23,22432,47611
2023-12-21 15:52:42,18,23,22432,47611
2023-12-21 15:52:42,19,23,22432,47611
2023-12-21 15:52:46,18,23,22432,47611
2023-12-21 15:52:46,20,23,22432,47611
2023-12-21 15:52:47,18,23,22432,47611
