datetime,bid,ask,open_interest,volume
2023-07-05 09:31:00,35,37,450,450
2023-07-05 09:31:00,36,37,450,450
2023-07-05 09:31:00,36,37,452,452
2023-07-05 09:31:01,35,37,452,452
2023-07-05 09:31:01,36,37,452,452
2023-07-05 09:31:09,37,38,502,502
2023-07-05 09:31:12,36,38,502,502
2023-07-05 09:31:44,36,38,497,752
2023-07-05 09:31:51,35,38,497,752
2023-07-05 09:31:54,36,38,497,752
2023-07-05 09:31:57,35,38,497,752
2023-07-05 09:32:01,36,38,497,752
2023-07-05 09:32:05,35,38,497,752
2023-07-05 09:32:07,35,37,497,752
2023-07-05 09:32:15,35,38,497,752
2023-07-05 09:32:17,35,36,497,752
2023-07-05 09:32:22,35,38,497,752
2023-07-05 09:32:22,35,37,497,752
2023-07-05 09:32:54,35,36,497,752
2023-07-05 09:33:04,35,37,497,752
2023-07-05 09:33:26,36,37,497,752
2023-07-05 09:33:26,35,37,697,952
2023-07-05 09:33:27,36,37,697,952
2023-07-05 09:33:29,35,37,897,1152
2023-07-05 09:33:40,36,37,897,1152
2023-07-05 09:33:50,35,37,1097,1352
2023-07-05 09:33:52,35,37,1497,1752
2023-07-05 09:33:53,35,37,1897,2152
2023-07-05 09:33:58,35,37,2242,2552
2023-07-05 09:33:59,34,37,2297,2607
2023-07-05 09:33:59,34,36,2297,2607
2023-07-05 09:33:59,33,36,2500,2810
2023-07-05 09:34:00,31,36,2750,3060
2023-07-05 09:34:00,33,36,2750,3060
2023-07-05 09:34:00,31,36,2900,3210
2023-07-05 09:34:01,31,36,3300,3610
2023-07-05 09:34:10,33,36,3300,3610
2023-07-05 09:34:25,33,35,3300,3610
2023-07-05 09:34:29,33,36,3300,3610
2023-07-05 09:34:30,33,35,3300,3610
2023-07-05 09:34:35,33,36,3300,3610
2023-07-05 09:34:35,33,34,3300,3610
2023-07-05 09:34:38,33,36,3300,3610
2023-07-05 09:34:39,33,34,3300,3610
2023-07-05 09:34:55,32,34,3300,3610
2023-07-05 09:35:19,32,36,3300,3610
2023-07-05 09:35:29,32,37,3300,3610
2023-07-05 09:35:38,33,37,3300,3610
2023-07-05 09:35:42,33,36,3300,3610
2023-07-05 09:35:42,33,35,3300,3610
2023-07-05 09:35:43,33,36,3300,3910
2023-07-05 09:35:46,33,36,3300,4210
2023-07-05 09:35:46,33,36,3100,4610
2023-07-05 09:35:47,34,36,3100,4610
2023-07-05 09:35:47,34,37,3100,4710
2023-07-05 09:35:48,34,36,3100,4710
2023-07-05 09:35:53,34,37,3100,5010
2023-07-05 09:35:53,34,37,2700,5410
2023-07-05 09:35:54,35,37,2700,5410
2023-07-05 09:35:54,35,37,2300,5810
2023-07-05 09:35:55,35,38,2300,6135
2023-07-05 09:35:58,35,37,2300,6135
2023-07-05 09:35:58,35,38,2100,6335
2023-07-05 09:36:00,35,37,2100,6335
2023-07-05 09:36:00,35,38,1967,6535
2023-07-05 09:36:01,35,37,1967,6535
2023-07-05 09:36:17,35,38,1967,6535
2023-07-05 09:36:18,35,37,1967,6535
2023-07-05 09:36:20,35,38,1967,6535
2023-07-05 09:36:21,35,37,1967,6535
2023-07-05 09:36:32,35,37,2300,6935
2023-07-05 09:36:33,34,37,2500,7190
2023-07-05 09:36:33,34,36,2500,7190
2023-07-05 09:36:33,34,36,2900,7590
2023-07-05 09:36:35,34,36,3245,7990
2023-07-05 09:36:35,34,35,3245,7990
2023-07-05 09:36:35,34,35,3300,8390
2023-07-05 09:36:36,34,35,3300,8790
2023-07-05 09:36:36,34,35,3300,9190
2023-07-05 09:36:45,34,35,3300,9590
2023-07-05 09:36:45,33,35,3300,9600
2023-07-05 09:36:49,32,35,3300,9600
2023-07-05 09:37:06,32,34,3300,9600
2023-07-05 09:37:17,32,35,3300,9600
2023-07-05 09:37:41,32,34,3300,9600
2023-07-05 09:37:44,32,35,3300,9600
2023-07-05 09:37:45,32,34,3300,9600
2023-07-05 09:38:05,31,34,3300,9600
2023-07-05 09:38:28,31,34,3100,10000
2023-07-05 09:38:29,32,34,3100,10000
2023-07-05 09:38:30,32,35,3100,10000
2023-07-05 09:38:36,33,35,3100,10000
2023-07-05 09:38:43,33,34,3100,10000
2023-07-05 09:38:44,33,35,3050,10050
2023-07-05 09:38:54,34,35,3050,10050
2023-07-05 09:38:55,34,36,3050,10050
2023-07-05 09:38:56,34,35,3050,10050
2023-07-05 09:38:59,33,35,3050,10250
2023-07-05 09:39:08,32,35,3050,10305
2023-07-05 09:39:13,33,35,3050,10305
2023-07-05 09:39:16,33,36,3050,10305
2023-07-05 09:39:17,33,35,3050,10305
2023-07-05 09:39:20,34,35,3050,10305
2023-07-05 09:39:33,34,36,3050,10305
2023-07-05 09:39:33,34,35,3050,10305
2023-07-05 09:39:36,34,35,2650,10705
2023-07-05 09:39:37,34,36,2525,10830
2023-07-05 09:39:37,34,35,2525,10830
2023-07-05 09:39:39,34,35,2525,10855
2023-07-05 09:39:46,33,34,2470,10910
2023-07-05 09:40:07,33,35,2470,10910
2023-07-05 09:40:16,33,34,2470,10910
2023-07-05 09:40:21,32,33,2340,11040
2023-07-05 09:40:21,32,34,2070,11310
2023-07-05 09:40:21,32,33,2070,11310
2023-07-05 09:40:37,31,33,2300,11550
2023-07-05 09:40:41,30,33,2525,11775
2023-07-05 09:40:41,31,33,2525,11775
2023-07-05 09:40:42,31,32,2525,11775
2023-07-05 09:40:44,30,32,2555,11805
2023-07-05 09:40:45,30,32,2955,12205
2023-07-05 09:41:03,30,32,2982,12232
2023-07-05 09:41:08,30,31,2982,12232
2023-07-05 09:41:15,29,30,2982,12262
2023-07-05 09:41:15,28,30,2982,12262
2023-07-05 09:41:28,28,29,2982,12262
2023-07-05 09:41:31,27,28,2982,12292
2023-07-05 09:41:36,26,28,2982,12292
2023-07-05 09:42:05,26,27,2982,12292
2023-07-05 09:42:09,26,28,2982,12292
2023-07-05 09:42:24,26,27,2982,12292
2023-07-05 09:42:38,26,28,2982,12292
2023-07-05 09:43:47,27,28,2982,12292
2023-07-05 09:43:55,26,28,2982,12292
2023-07-05 09:43:56,26,27,2982,12292
2023-07-05 09:44:06,26,28,2982,12292
2023-07-05 09:44:12,26,27,2982,12292
2023-07-05 09:45:12,25,27,3012,12322
2023-07-05 09:45:24,25,26,3012,12322
2023-07-05 09:45:46,25,26,2962,12572
2023-07-05 09:46:06,24,25,2962,12732
2023-07-05 09:46:07,24,26,2962,12782
2023-07-05 09:46:08,24,25,2962,12782
2023-07-05 09:46:10,24,26,2962,12982
2023-07-05 09:46:12,24,25,2962,12982
2023-07-05 09:46:30,23,25,2992,13012
2023-07-05 09:47:29,23,26,2992,13122
2023-07-05 09:47:30,24,26,2992,13122
2023-07-05 09:49:00,25,26,2992,13122
2023-07-05 09:49:03,25,27,2992,13182
2023-07-05 09:50:51,26,27,2992,13182
2023-07-05 09:50:55,27,28,2992,13212
2023-07-05 09:51:54,27,28,3212,13462
2023-07-05 09:53:15,26,28,3242,13492
2023-07-05 09:54:08,26,27,3242,13492
2023-07-05 09:54:10,26,28,3242,13492
2023-07-05 09:54:11,26,27,3242,13492
2023-07-05 09:54:14,26,27,3242,13542
2023-07-05 09:55:53,26,27,3462,13792
2023-07-05 09:56:07,26,27,3562,13892
2023-07-05 09:56:34,25,26,3742,14072
2023-07-05 09:56:35,25,26,3942,14272
2023-07-05 09:56:38,25,26,4042,14372
2023-07-05 09:56:39,25,26,4292,14622
2023-07-05 09:56:56,25,26,4542,14872
2023-07-05 09:57:02,25,26,4792,15122
2023-07-05 09:57:10,25,26,4842,15172
2023-07-05 09:57:59,25,26,4892,15222
2023-07-05 09:58:59,25,26,5022,15372
2023-07-05 09:59:08,25,27,5052,15442
2023-07-05 09:59:26,26,27,5052,15442
2023-07-05 09:59:37,25,27,5052,15442
2023-07-05 09:59:37,26,27,5052,15442
2023-07-05 09:59:47,27,28,5112,15502
2023-07-05 10:00:06,27,29,5112,15572
2023-07-05 10:00:14,27,28,5112,15572
2023-07-05 10:00:19,27,29,5112,15572
2023-07-05 10:01:03,27,28,5112,15572
2023-07-05 10:01:07,26,27,4982,15702
2023-07-05 10:01:09,26,28,4982,15702
2023-07-05 10:01:10,26,27,4982,15702
2023-07-05 10:01:11,26,28,4982,15702
2023-07-05 10:01:14,26,27,4982,15702
2023-07-05 10:01:15,26,28,4982,15702
2023-07-05 10:01:31,26,29,4982,15702
2023-07-05 10:01:50,27,29,4982,15702
2023-07-05 10:01:54,27,28,4982,15702
2023-07-05 10:02:09,26,28,4982,15702
2023-07-05 10:02:10,27,28,4982,15702
2023-07-05 10:02:11,26,28,5012,15762
2023-07-05 10:02:12,26,27,5012,15762
2023-07-05 10:02:20,25,26,5012,15822
2023-07-05 10:02:27,24,25,5012,15882
2023-07-05 10:02:51,25,26,5012,15942
2023-07-05 10:04:09,26,27,5042,16062
2023-07-05 10:05:25,27,28,5132,16152
2023-07-05 10:05:31,26,28,5132,16152
2023-07-05 10:06:01,27,28,5132,16152
2023-07-05 10:06:23,27,28,5012,16352
2023-07-05 10:06:23,26,28,5012,16352
2023-07-05 10:06:28,26,28,5021,16361
2023-07-05 10:06:52,27,28,5021,16361
2023-07-05 10:07:22,26,27,5021,16391
2023-07-05 10:07:51,27,28,5021,16440
2023-07-05 10:08:39,26,27,5021,16470
2023-07-05 10:08:54,25,26,5021,16591
2023-07-05 10:09:39,26,27,5021,16712
2023-07-05 10:09:40,25,27,5021,16712
2023-07-05 10:09:41,26,27,5021,16712
2023-07-05 10:09:51,27,28,5121,16842
2023-07-05 10:09:54,26,28,5121,16842
2023-07-05 10:09:54,27,28,5121,16842
2023-07-05 10:10:04,28,29,5211,16932
2023-07-05 10:10:13,27,29,5211,16932
2023-07-05 10:10:13,28,29,5211,16932
2023-07-05 10:11:24,29,30,5241,16962
2023-07-05 10:11:43,30,31,5301,17022
2023-07-05 10:12:08,29,30,5171,17152
2023-07-05 10:13:07,28,29,5051,17282
2023-07-05 10:13:08,28,30,5051,17282
2023-07-05 10:14:04,28,29,5051,17282
2023-07-05 10:14:09,28,30,5051,17282
2023-07-05 10:14:10,28,29,5051,17282
2023-07-05 10:14:12,28,30,5051,17282
2023-07-05 10:14:22,28,29,5051,17282
2023-07-05 10:14:25,28,30,5051,17282
2023-07-05 10:14:26,28,29,5051,17282
2023-07-05 10:14:27,28,30,5051,17282
2023-07-05 10:14:31,28,29,5051,17282
2023-07-05 10:15:09,28,29,5051,17482
2023-07-05 10:15:10,27,28,5051,17542
2023-07-05 10:15:11,27,28,5084,17575
2023-07-05 10:15:29,26,27,5084,17672
2023-07-05 10:15:34,25,26,5084,17732
2023-07-05 10:15:36,25,27,5084,17732
2023-07-05 10:15:40,25,28,5084,17732
2023-07-05 10:15:43,25,27,5084,17732
2023-07-05 10:15:54,25,26,5084,17732
2023-07-05 10:16:07,24,25,5084,17762
2023-07-05 10:16:11,23,25,5084,17762
2023-07-05 10:16:11,24,25,5084,17762
2023-07-05 10:16:13,23,24,5084,18137
2023-07-05 10:16:14,23,25,5084,18137
2023-07-05 10:16:21,23,24,5084,18137
2023-07-05 10:16:31,23,25,5084,18137
2023-07-05 10:16:34,23,25,5104,18157
2023-07-05 10:16:51,23,25,5114,18167
2023-07-05 10:16:51,22,25,5189,18242
2023-07-05 10:16:52,22,23,5189,18242
2023-07-05 10:17:07,23,25,5264,18347
2023-07-05 10:17:12,23,24,5264,18347
2023-07-05 10:17:27,22,24,5294,18377
2023-07-05 10:17:31,22,23,5294,18377
2023-07-05 10:17:41,21,22,5324,18407
2023-07-05 10:18:12,21,22,5399,18482
2023-07-05 10:18:25,21,22,5599,18682
2023-07-05 10:18:26,21,22,5899,18982
2023-07-05 10:18:27,21,22,6149,19232
2023-07-05 10:18:30,21,22,6399,19482
2023-07-05 10:18:41,21,22,6474,19557
2023-07-05 10:19:35,21,22,6599,19682
2023-07-05 10:20:31,20,21,6599,19712
2023-07-05 10:21:02,20,22,6599,19772
2023-07-05 10:21:04,21,22,6599,19772
2023-07-05 10:24:16,20,21,6599,19802
2023-07-05 10:24:20,20,22,6599,19802
2023-07-05 10:24:32,21,22,6599,19802
2023-07-05 10:24:52,20,22,6599,19802
2023-07-05 10:25:07,20,21,6599,19802
2023-07-05 10:26:27,19,20,6599,19862
2023-07-05 10:26:28,19,21,6599,19862
2023-07-05 10:26:30,19,20,6599,19862
2023-07-05 10:27:03,19,20,6599,20062
2023-07-05 10:27:05,18,20,6599,20062
2023-07-05 10:27:11,18,19,6599,20062
2023-07-05 10:27:16,18,20,6599,20062
2023-07-05 10:27:18,18,19,6599,20062
2023-07-05 10:27:19,18,20,6599,20062
2023-07-05 10:27:22,18,19,6599,20062
2023-07-05 10:27:35,18,20,6599,20062
2023-07-05 10:28:11,18,19,6599,20062
2023-07-05 10:28:37,19,20,6599,20092
2023-07-05 10:29:06,19,20,6599,20192
2023-07-05 10:29:13,20,21,6599,20262
2023-07-05 10:29:16,19,21,6599,20262
2023-07-05 10:29:32,20,21,6599,20262
2023-07-05 10:30:08,19,21,6599,20262
2023-07-05 10:30:08,20,21,6599,20262
2023-07-05 10:30:13,19,21,6599,20262
2023-07-05 10:31:28,19,20,6599,20262
2023-07-05 10:31:32,19,21,6599,20262
2023-07-05 10:31:37,19,20,6599,20262
2023-07-05 10:31:38,19,21,6599,20262
2023-07-05 10:31:39,19,20,6599,20262
2023-07-05 10:35:24,18,19,6599,20322
2023-07-05 10:35:41,17,18,6599,20502
2023-07-05 10:35:51,16,17,6599,20622
2023-07-05 10:35:53,16,18,6599,20622
2023-07-05 10:35:55,16,17,6599,20622
2023-07-05 10:36:01,15,16,6769,20792
2023-07-05 10:36:04,15,16,7169,21192
2023-07-05 10:36:06,15,16,7369,21392
2023-07-05 10:36:15,16,18,7379,21422
2023-07-05 10:36:17,17,18,7379,21422
2023-07-05 10:37:00,15,18,7379,21422
2023-07-05 10:37:00,16,18,7379,21422
2023-07-05 10:37:04,16,17,7379,21422
2023-07-05 10:37:33,16,17,7381,21424
2023-07-05 10:37:36,16,17,7361,21484
2023-07-05 10:37:36,16,18,7359,21486
2023-07-05 10:37:37,16,18,6992,21886
2023-07-05 10:37:37,16,18,6942,22286
2023-07-05 10:37:41,16,18,6542,22686
2023-07-05 10:38:00,17,18,6542,22686
2023-07-05 10:38:58,16,18,6562,22706
2023-07-05 10:38:59,16,17,6562,22706
2023-07-05 10:39:33,17,18,6562,22726
2023-07-05 10:40:39,18,19,6562,22826
2023-07-05 10:43:24,19,20,6562,22876
2023-07-05 10:43:40,19,20,6712,23276
2023-07-05 10:43:44,19,20,6712,23316
2023-07-05 10:43:44,19,20,6742,23356
2023-07-05 10:44:11,20,21,6742,23406
2023-07-05 10:44:24,21,22,6742,23456
2023-07-05 10:44:32,22,23,6742,23506
2023-07-05 10:44:35,21,23,6742,23506
2023-07-05 10:44:42,20,23,6742,23506
2023-07-05 10:44:42,21,23,6742,23506
2023-07-05 10:45:09,20,23,6742,23506
2023-07-05 10:45:09,20,22,6742,23506
2023-07-05 10:45:27,19,22,6742,23506
2023-07-05 10:45:27,20,22,6742,23506
2023-07-05 10:45:53,19,22,6742,23506
2023-07-05 10:45:53,19,21,6742,23506
2023-07-05 10:45:57,19,22,6742,23506
2023-07-05 10:45:57,19,21,6742,23506
2023-07-05 10:46:09,20,21,6742,23506
2023-07-05 10:46:14,21,22,6692,23556
2023-07-05 10:46:14,21,22,6692,23571
2023-07-05 10:46:54,22,23,6674,23621
2023-07-05 10:46:55,21,23,6674,23621
2023-07-05 10:46:56,22,23,6674,23621
2023-07-05 10:47:11,21,23,6674,23621
2023-07-05 10:47:20,22,23,6674,23621
2023-07-05 10:47:41,23,24,6674,23671
2023-07-05 10:47:41,23,24,6678,23675
2023-07-05 10:47:43,22,24,6678,23675
2023-07-05 10:47:45,23,24,6678,23675
2023-07-05 10:48:08,24,25,6698,23725
2023-07-05 10:48:10,25,26,6748,23775
2023-07-05 10:48:10,24,26,6898,23925
2023-07-05 10:48:12,25,26,6898,23925
2023-07-05 10:48:47,24,26,7098,24125
2023-07-05 10:49:18,23,26,7098,24125
2023-07-05 10:49:20,24,26,7098,24125
2023-07-05 10:49:26,24,25,7098,24125
2023-07-05 10:49:29,23,25,7098,24125
2023-07-05 10:49:29,23,24,7098,24125
2023-07-05 10:49:29,23,25,7098,24125
2023-07-05 10:49:57,23,24,7098,24125
2023-07-05 10:49:59,23,25,7098,24125
2023-07-05 10:50:02,23,24,7098,24125
2023-07-05 10:50:15,22,23,7048,24175
2023-07-05 10:50:16,22,24,7048,24175
2023-07-05 10:50:19,22,23,7048,24175
2023-07-05 10:51:04,21,22,7028,24225
2023-07-05 10:51:05,21,23,7028,24225
2023-07-05 10:51:19,22,23,7028,24225
2023-07-05 10:51:28,23,24,7048,24275
2023-07-05 10:51:43,22,24,7048,24275
2023-07-05 10:51:43,24,25,7068,24295
2023-07-05 10:52:03,25,26,7088,24315
2023-07-05 10:52:11,24,26,7088,24315
2023-07-05 10:52:11,25,26,7088,24315
2023-07-05 10:52:22,25,27,7108,24335
2023-07-05 10:52:47,26,27,7108,24335
2023-07-05 10:52:49,25,27,7108,24335
2023-07-05 10:52:49,26,27,7108,24335
2023-07-05 10:52:53,25,27,7108,24335
2023-07-05 10:53:18,26,27,7108,24335
2023-07-05 10:53:31,25,27,7108,24335
2023-07-05 10:53:46,26,27,7108,24335
2023-07-05 10:53:57,26,27,7358,24585
2023-07-05 10:53:58,26,27,7558,24785
2023-07-05 10:54:11,25,27,7558,24785
2023-07-05 10:54:55,25,26,7558,24785
2023-07-05 10:55:24,24,25,7558,24805
2023-07-05 10:55:57,23,24,7518,24845
2023-07-05 10:56:00,22,24,7518,24845
2023-07-05 10:56:08,23,24,7518,24845
2023-07-05 10:56:24,24,25,7538,24865
2023-07-05 10:56:46,22,25,7538,24865
2023-07-05 10:56:46,23,25,7538,24865
2023-07-05 10:57:03,23,24,7538,24865
2023-07-05 10:57:07,22,24,7538,24865
2023-07-05 10:57:34,22,23,7538,24865
2023-07-05 10:58:21,21,22,7488,24915
2023-07-05 10:58:22,21,23,7488,24915
2023-07-05 10:58:23,21,22,7488,24915
2023-07-05 10:58:32,20,21,7478,24965
2023-07-05 10:58:34,19,21,7478,24965
2023-07-05 10:58:34,20,21,7478,24965
2023-07-05 10:58:47,20,22,7478,25429
2023-07-05 10:58:57,20,21,7478,25429
2023-07-05 10:59:00,20,22,7478,25429
2023-07-05 10:59:23,20,23,7478,25429
2023-07-05 10:59:25,20,22,7478,25429
2023-07-05 11:00:00,20,21,7478,25429
2023-07-05 11:00:26,20,22,7478,25429
2023-07-05 11:00:35,19,20,7498,25449
2023-07-05 11:01:13,19,20,7698,25649
2023-07-05 11:01:14,19,20,7898,25849
2023-07-05 11:01:18,19,20,8148,26099
2023-07-05 11:01:20,19,20,8848,26799
2023-07-05 11:01:20,19,20,9098,27049
2023-07-05 11:01:21,19,20,9298,27249
2023-07-05 11:01:22,19,23,9478,27449
2023-07-05 11:01:22,21,23,9478,27449
2023-07-05 11:01:26,20,23,9478,27449
2023-07-05 11:01:27,21,23,9478,27449
2023-07-05 11:02:03,22,23,9478,27449
2023-07-05 11:02:08,21,23,9478,27449
2023-07-05 11:02:41,21,22,9478,27449
2023-07-05 11:02:49,21,23,9478,27449
2023-07-05 11:03:52,22,23,9478,27449
2023-07-05 11:04:24,22,24,9498,27469
2023-07-05 11:05:42,22,23,9498,27469
2023-07-05 11:05:56,21,23,9498,27469
2023-07-05 11:06:04,21,22,9498,27469
2023-07-05 11:06:15,21,23,9498,27469
2023-07-05 11:07:14,21,22,9498,27469
2023-07-05 11:08:11,20,21,9478,27509
2023-07-05 11:08:12,20,22,9478,27509
2023-07-05 11:08:18,20,21,9478,27509
2023-07-05 11:09:28,21,22,9498,27549
2023-07-05 11:10:08,23,24,9558,27609
2023-07-05 11:10:11,22,24,9558,27609
2023-07-05 11:10:11,24,25,9578,27629
2023-07-05 11:10:13,24,26,9578,27629
2023-07-05 11:10:22,24,25,9578,27629
2023-07-05 11:10:27,22,24,9578,27709
2023-07-05 11:10:28,22,25,9578,27709
2023-07-05 11:10:29,23,25,9578,27709
2023-07-05 11:10:33,23,24,9578,27709
2023-07-05 11:10:34,21,24,9578,27709
2023-07-05 11:10:34,23,24,9578,27709
2023-07-05 11:10:40,23,25,9578,27709
2023-07-05 11:10:48,22,25,9578,27709
2023-07-05 11:10:48,23,25,9578,27709
2023-07-05 11:11:20,23,24,9578,27709
2023-07-05 11:11:22,21,24,9578,27709
2023-07-05 11:11:22,22,24,9578,27709
2023-07-05 11:11:23,22,23,9578,27709
2023-07-05 11:11:25,20,23,9578,27709
2023-07-05 11:11:25,22,23,9578,27709
2023-07-05 11:11:27,20,23,9578,27709
2023-07-05 11:11:27,21,23,9578,27709
2023-07-05 11:11:28,21,22,9578,27709
2023-07-05 11:11:39,21,23,9578,27709
2023-07-05 11:11:49,22,23,9578,27709
2023-07-05 11:11:58,22,24,9578,27709
2023-07-05 11:12:11,22,25,9578,27709
2023-07-05 11:12:15,23,25,9578,27709
2023-07-05 11:12:21,24,25,9578,27709
2023-07-05 11:12:28,23,25,9578,27709
2023-07-05 11:12:28,22,25,9578,27709
2023-07-05 11:12:28,24,25,9578,27709
2023-07-05 11:12:59,25,26,9598,27729
2023-07-05 11:13:09,24,26,9598,27729
2023-07-05 11:13:09,25,26,9598,27729
2023-07-05 11:13:13,26,28,9618,27749
2023-07-05 11:13:14,26,27,9618,27749
2023-07-05 11:13:16,27,28,9638,27769
2023-07-05 11:13:21,26,28,9638,27769
2023-07-05 11:13:21,27,28,9638,27769
2023-07-05 11:13:23,26,28,9638,27769
2023-07-05 11:13:23,27,28,9638,27769
2023-07-05 11:13:33,25,28,9638,27769
2023-07-05 11:13:33,26,28,9638,27769
2023-07-05 11:13:35,25,28,9638,27769
2023-07-05 11:13:43,26,28,9638,27769
2023-07-05 11:14:10,27,28,9638,27769
2023-07-05 11:14:15,28,29,9658,27789
2023-07-05 11:14:22,27,29,9658,27789
2023-07-05 11:14:22,28,29,9658,27789
2023-07-05 11:14:28,27,29,9658,27789
2023-07-05 11:14:28,28,29,9658,27789
2023-07-05 11:14:42,27,29,9658,27789
2023-07-05 11:14:46,26,29,9658,27789
2023-07-05 11:14:52,26,28,9658,27789
2023-07-05 11:14:52,25,28,9658,27789
2023-07-05 11:15:13,25,29,9658,27789
2023-07-05 11:15:17,26,29,9658,27789
2023-07-05 11:15:31,27,29,9658,27789
2023-07-05 11:15:39,28,29,9658,27789
2023-07-05 11:16:01,27,29,9658,27789
2023-07-05 11:17:07,28,29,9658,27789
2023-07-05 11:17:18,28,29,9658,27791
2023-07-05 11:17:19,27,29,9658,27791
2023-07-05 11:17:19,28,29,9658,27791
2023-07-05 11:17:26,29,30,9676,27809
2023-07-05 11:17:26,29,30,10076,28209
2023-07-05 11:17:27,28,30,10076,28209
2023-07-05 11:17:28,30,31,10096,28229
2023-07-05 11:17:33,28,31,10096,28229
2023-07-05 11:17:44,29,31,10096,28229
2023-07-05 11:17:46,30,31,10096,28229
2023-07-05 11:17:51,31,32,10116,28249
2023-07-05 11:17:55,31,33,10116,28249
2023-07-05 11:17:58,32,33,10116,28249
2023-07-05 11:17:58,32,33,10130,28263
2023-07-05 11:17:58,31,32,10130,28449
2023-07-05 11:18:15,29,32,10130,28449
2023-07-05 11:18:16,31,32,10130,28449
2023-07-05 11:18:33,30,32,10130,28449
2023-07-05 11:18:33,29,32,10130,28449
2023-07-05 11:18:34,29,31,10130,28449
2023-07-05 11:18:45,29,32,10130,28449
2023-07-05 11:18:46,30,32,10130,28449
2023-07-05 11:18:46,30,31,10130,28449
2023-07-05 11:18:48,30,32,10130,28449
2023-07-05 11:18:57,29,32,10130,28449
2023-07-05 11:18:58,30,32,10130,28449
2023-07-05 11:19:15,31,32,10130,28449
2023-07-05 11:19:16,32,33,10150,28469
2023-07-05 11:19:30,31,33,10150,28469
2023-07-05 11:19:35,32,33,10150,28469
2023-07-05 11:19:53,30,33,10150,28469
2023-07-05 11:19:53,31,33,10150,28469
2023-07-05 11:19:54,31,32,10150,28469
2023-07-05 11:19:57,30,32,10150,28469
2023-07-05 11:19:57,31,32,10150,28469
2023-07-05 11:20:02,31,33,10150,28469
2023-07-05 11:20:06,32,33,10150,28469
2023-07-05 11:20:07,33,34,10170,28489
2023-07-05 11:20:33,34,35,10190,28509
2023-07-05 11:20:37,33,35,10270,28589
2023-07-05 11:20:37,34,35,10270,28589
2023-07-05 11:20:37,35,36,10290,28641
2023-07-05 11:20:38,35,37,10290,28641
2023-07-05 11:20:49,34,37,10290,28641
2023-07-05 11:21:04,34,35,10290,28641
2023-07-05 11:21:11,33,35,10290,28641
2023-07-05 11:21:11,34,35,10290,28641
2023-07-05 11:21:23,32,35,10290,28641
2023-07-05 11:21:23,33,35,10290,28641
2023-07-05 11:22:11,34,35,10290,28641
2023-07-05 11:22:13,33,35,10290,28641
2023-07-05 11:22:15,34,35,10290,28641
2023-07-05 11:22:46,33,35,10290,28641
2023-07-05 11:23:52,34,35,10290,28641
2023-07-05 11:24:01,33,35,10290,28641
2023-07-05 11:24:05,34,35,10290,28641
2023-07-05 11:24:49,35,36,10293,28644
2023-07-05 11:25:01,36,37,10313,28664
2023-07-05 11:25:31,37,38,10333,28684
2023-07-05 11:25:42,36,38,10333,28684
2023-07-05 11:25:47,35,38,10333,28684
2023-07-05 11:25:47,36,38,10333,28684
2023-07-05 11:25:49,36,37,10333,28684
2023-07-05 11:26:02,36,38,10333,28684
2023-07-05 11:26:03,36,37,10333,28684
2023-07-05 11:26:10,37,38,10336,28687
2023-07-05 11:26:33,36,38,10336,28687
2023-07-05 11:26:43,37,38,10336,28687
2023-07-05 11:26:53,35,38,10336,28687
2023-07-05 11:26:54,36,38,10336,28687
2023-07-05 11:27:04,37,38,10336,28687
2023-07-05 11:27:54,36,38,10336,28687
2023-07-05 11:28:04,35,38,10336,28687
2023-07-05 11:28:30,36,38,10336,28687
2023-07-05 11:28:44,35,38,10336,28687
2023-07-05 11:28:44,35,37,10336,28687
2023-07-05 11:28:58,35,38,10336,28687
2023-07-05 11:28:58,36,38,10336,28687
2023-07-05 11:29:04,37,38,10336,28687
2023-07-05 11:29:22,36,38,10336,28687
2023-07-05 11:29:30,35,38,10336,28687
2023-07-05 11:29:31,36,38,10336,28687
2023-07-05 11:29:45,35,38,10336,28687
2023-07-05 11:29:45,35,37,10336,28687
2023-07-05 11:29:54,35,38,10336,28687
2023-07-05 11:29:54,36,38,10336,28687
2023-07-05 11:30:34,35,38,10336,28687
2023-07-05 11:30:35,36,38,10336,28687
2023-07-05 11:30:53,36,37,10336,28687
2023-07-05 11:30:59,36,37,10336,28707
2023-07-05 11:31:04,35,37,10336,28707
2023-07-05 11:31:11,35,36,10336,28707
2023-07-05 11:31:23,34,35,10313,28730
2023-07-05 11:31:33,32,35,10313,28730
2023-07-05 11:31:48,32,34,10313,28730
2023-07-05 11:32:34,32,35,10313,28730
2023-07-05 11:33:06,32,36,10313,28730
2023-07-05 11:33:06,33,36,10313,28730
2023-07-05 11:33:06,33,35,10313,28730
2023-07-05 11:33:33,33,34,10313,28730
2023-07-05 11:33:41,33,35,10313,28730
2023-07-05 11:34:02,33,35,10313,28745
2023-07-05 11:34:08,33,36,10313,28745
2023-07-05 11:34:08,34,36,10313,28745
2023-07-05 11:34:44,34,37,10313,28745
2023-07-05 11:34:44,34,36,10313,28745
2023-07-05 11:34:53,34,36,10313,28755
2023-07-05 11:35:03,34,38,10313,28755
2023-07-05 11:35:03,35,38,10313,28755
2023-07-05 11:35:03,35,37,10313,28755
2023-07-05 11:35:34,35,36,10313,28755
2023-07-05 11:35:47,35,39,10313,28755
2023-07-05 11:35:48,36,39,10313,28755
2023-07-05 11:35:51,36,40,10313,28755
2023-07-05 11:35:51,36,39,10313,28755
2023-07-05 11:35:51,36,40,10313,28755
2023-07-05 11:35:54,37,40,10313,28755
2023-07-05 11:35:58,37,38,10313,28755
2023-07-05 11:36:02,38,40,10313,29055
2023-07-05 11:36:03,38,40,10333,29075
2023-07-05 11:36:09,38,41,10333,29075
2023-07-05 11:36:36,38,40,10333,29075
2023-07-05 11:36:36,37,40,10333,29075
2023-07-05 11:36:37,37,41,10333,29075
2023-07-05 11:36:37,37,40,10333,29075
2023-07-05 11:37:03,39,40,10333,29075
2023-07-05 11:37:12,37,40,10333,29075
2023-07-05 11:37:12,39,40,10333,29075
2023-07-05 11:37:16,37,39,10333,29200
2023-07-05 11:37:17,37,40,10333,29200
2023-07-05 11:37:20,37,39,10333,29200
2023-07-05 11:37:21,38,39,10333,29200
2023-07-05 11:37:23,38,39,10333,29225
2023-07-05 11:37:30,37,39,10333,29225
2023-07-05 11:37:30,39,40,10353,29245
2023-07-05 11:37:31,39,40,10383,29275
2023-07-05 11:37:33,37,40,10383,29275
2023-07-05 11:37:33,39,40,10383,29275
2023-07-05 11:37:33,37,40,10408,29300
2023-07-05 11:37:46,37,39,10408,29300
2023-07-05 11:37:46,38,39,10408,29300
2023-07-05 11:37:48,37,39,10408,29300
2023-07-05 11:37:48,38,39,10408,29300
2023-07-05 11:37:48,37,39,10483,29375
2023-07-05 11:38:17,38,39,10483,29375
2023-07-05 11:38:35,37,38,10483,29400
2023-07-05 11:39:02,37,39,10483,29400
2023-07-05 11:39:02,38,39,10483,29400
2023-07-05 11:39:03,38,39,10503,29420
2023-07-05 11:39:03,38,39,10533,29450
2023-07-05 11:39:12,37,39,10533,29450
2023-07-05 11:39:12,37,38,10533,29450
2023-07-05 11:40:04,37,39,10533,29450
2023-07-05 11:40:05,38,39,10533,29450
2023-07-05 11:40:06,37,39,10533,29450
2023-07-05 11:40:21,37,38,10533,29450
2023-07-05 11:40:24,37,39,10533,29450
2023-07-05 11:40:26,37,38,10533,29450
2023-07-05 11:40:47,36,37,10483,29500
2023-07-05 11:40:51,36,37,10483,29530
2023-07-05 11:40:58,34,36,10463,29675
2023-07-05 11:40:59,34,37,10463,29675
2023-07-05 11:41:00,34,36,10463,29675
2023-07-05 11:41:03,36,37,10483,29695
2023-07-05 11:41:04,34,37,10488,29700
2023-07-05 11:41:04,34,36,10488,29700
2023-07-05 11:41:55,35,36,10488,29700
2023-07-05 11:42:04,34,36,10488,29700
2023-07-05 11:42:04,36,37,10493,29705
2023-07-05 11:42:04,34,37,10563,29775
2023-07-05 11:42:04,34,36,10563,29775
2023-07-05 11:42:10,35,36,10563,29775
2023-07-05 11:42:13,37,38,10586,29798
2023-07-05 11:42:13,35,38,10588,29800
2023-07-05 11:42:13,35,37,10588,29800
2023-07-05 11:42:22,35,39,10588,29800
2023-07-05 11:42:22,35,38,10588,29800
2023-07-05 11:42:37,36,38,10588,29800
2023-07-05 11:42:37,36,37,10588,29800
2023-07-05 11:42:38,35,37,10588,29800
2023-07-05 11:42:38,35,38,10588,29800
2023-07-05 11:42:38,37,38,10588,29800
2023-07-05 11:43:03,36,38,10588,29800
2023-07-05 11:43:03,38,39,10608,29820
2023-07-05 11:43:03,36,39,10623,29835
2023-07-05 11:43:03,36,38,10623,29835
2023-07-05 11:43:03,36,39,10623,29835
2023-07-05 11:43:03,36,38,10623,29835
2023-07-05 11:43:10,35,38,10623,29835
2023-07-05 11:43:12,37,38,10623,29835
2023-07-05 11:43:12,35,38,10693,29905
2023-07-05 11:43:29,36,38,10693,29905
2023-07-05 11:43:29,36,37,10693,29905
2023-07-05 11:43:29,36,37,10701,29913
2023-07-05 11:43:35,35,37,10701,29913
2023-07-05 11:43:36,36,37,10701,29913
2023-07-05 11:43:47,36,38,10701,29913
2023-07-05 11:43:55,36,37,10701,29913
2023-07-05 11:43:56,36,38,10701,29913
2023-07-05 11:43:59,36,37,10701,29913
2023-07-05 11:44:10,35,36,10681,29933
2023-07-05 11:44:21,35,36,10681,29944
2023-07-05 11:44:24,35,37,10681,29944
2023-07-05 11:44:24,35,37,10646,29979
2023-07-05 11:44:28,35,36,10646,29979
2023-07-05 11:44:54,34,35,10596,30064
2023-07-05 11:44:55,34,36,10596,30064
2023-07-05 11:44:57,34,35,10596,30064
2023-07-05 11:44:59,34,36,10596,30064
2023-07-05 11:45:01,35,36,10596,30064
2023-07-05 11:45:03,34,36,10596,30064
2023-07-05 11:45:03,34,35,10596,30064
2023-07-05 11:45:28,34,36,10596,30064
2023-07-05 11:45:28,34,36,10561,30099
2023-07-05 11:45:46,34,35,10561,30099
2023-07-05 11:46:08,34,36,10561,30099
2023-07-05 11:46:08,35,36,10561,30099
2023-07-05 11:46:09,35,36,10596,30134
2023-07-05 11:46:11,34,35,10596,30169
2023-07-05 11:46:19,33,34,10546,30219
2023-07-05 11:46:37,33,36,10546,30219
2023-07-05 11:46:37,34,36,10546,30219
2023-07-05 11:46:37,34,35,10546,30219
2023-07-05 11:46:38,33,34,10546,30394
2023-07-05 11:46:42,33,35,10546,30394
2023-07-05 11:46:44,32,33,10496,30444
2023-07-05 11:47:02,32,34,10496,30444
2023-07-05 11:47:02,32,33,10496,30444
2023-07-05 11:47:15,32,35,10496,30444
2023-07-05 11:47:15,33,35,10496,30444
2023-07-05 11:47:15,33,34,10496,30444
2023-07-05 11:47:20,32,33,10446,30494
2023-07-05 11:47:58,32,34,10446,30494
2023-07-05 11:47:58,33,34,10446,30494
2023-07-05 11:47:58,32,34,10481,30529
2023-07-05 11:47:59,32,33,10481,30529
2023-07-05 11:48:03,32,34,10481,30529
2023-07-05 11:48:03,32,34,10481,30564
2023-07-05 11:48:05,32,33,10481,30564
2023-07-05 11:48:11,32,35,10481,30564
2023-07-05 11:48:11,33,35,10481,30564
2023-07-05 11:48:11,33,34,10481,30564
2023-07-05 11:48:26,32,34,10501,30584
2023-07-05 11:48:26,32,33,10501,30584
2023-07-05 11:49:21,33,34,10501,30614
2023-07-05 11:49:22,33,34,10501,30629
2023-07-05 11:49:44,33,35,10501,30629
2023-07-05 11:49:44,33,34,10501,30629
2023-07-05 11:49:52,32,33,10501,30659
2023-07-05 11:50:33,32,35,10501,30659
2023-07-05 11:50:33,33,35,10501,30659
2023-07-05 11:50:33,33,34,10501,30659
2023-07-05 11:51:03,34,35,10501,30679
2023-07-05 11:51:09,34,36,10501,30679
2023-07-05 11:51:25,34,35,10501,30679
2023-07-05 11:51:38,34,36,10501,30679
2023-07-05 11:51:38,35,36,10501,30679
2023-07-05 11:51:59,36,38,10501,30699
2023-07-05 11:52:00,35,38,10501,30699
2023-07-05 11:52:01,36,38,10501,30699
2023-07-05 11:52:01,36,39,10501,30699
2023-07-05 11:52:08,36,37,10501,30699
2023-07-05 11:52:51,36,38,10501,30699
2023-07-05 11:52:51,36,37,10501,30699
2023-07-05 11:52:58,36,37,10536,30734
2023-07-05 11:52:58,36,37,10571,30769
2023-07-05 11:53:06,35,37,10571,30769
2023-07-05 11:53:06,35,38,10571,30769
2023-07-05 11:53:06,37,38,10571,30769
2023-07-05 11:53:32,35,38,10571,30769
2023-07-05 11:53:32,37,38,10571,30769
2023-07-05 11:53:32,35,37,10641,30839
2023-07-05 11:53:32,35,38,10641,30839
2023-07-05 11:53:35,36,38,10641,30839
2023-07-05 11:53:35,36,37,10641,30839
2023-07-05 11:53:48,35,37,10641,30839
2023-07-05 11:53:48,36,37,10641,30839
2023-07-05 11:53:48,35,37,10676,30874
2023-07-05 11:53:50,35,36,10676,30874
2023-07-05 11:54:11,35,37,10676,30874
2023-07-05 11:54:11,36,37,10676,30874
2023-07-05 11:54:12,36,37,10676,30914
2023-07-05 11:54:22,35,37,10676,30914
2023-07-05 11:54:22,35,36,10676,30914
2023-07-05 11:54:29,36,37,10696,30934
2023-07-05 11:54:35,36,37,10781,31062
2023-07-05 11:54:35,35,37,10781,31089
2023-07-05 11:54:35,35,36,10781,31089
2023-07-05 11:55:51,35,36,10816,31124
2023-07-05 11:56:16,37,38,10868,31176
2023-07-05 11:56:29,38,39,10908,31216
2023-07-05 11:56:32,37,39,10908,31216
2023-07-05 11:56:32,38,39,10908,31216
2023-07-05 11:56:46,38,40,10943,31251
2023-07-05 11:56:48,39,40,10943,31251
2023-07-05 11:56:53,37,40,10943,31251
2023-07-05 11:56:53,38,40,10943,31251
2023-07-05 11:56:53,38,39,10943,31251
2023-07-05 11:56:58,39,40,10943,31321
2023-07-05 11:57:00,40,41,10948,31326
2023-07-05 11:57:04,38,41,10948,31326
2023-07-05 11:57:04,40,41,10948,31326
2023-07-05 11:57:18,41,43,10968,31451
2023-07-05 11:57:19,40,43,10968,31451
2023-07-05 11:57:21,41,43,10968,31451
2023-07-05 11:57:23,41,44,10968,31451
2023-07-05 11:57:24,42,44,10968,31451
2023-07-05 11:57:24,42,45,10968,31451
2023-07-05 11:57:25,43,45,10968,31451
2023-07-05 11:57:25,43,44,10968,31451
2023-07-05 11:57:28,41,44,10968,31451
2023-07-05 11:57:28,43,44,10968,31451
2023-07-05 11:57:36,41,44,10968,31451
2023-07-05 11:57:36,40,44,10968,31451
2023-07-05 11:57:37,40,43,10968,31451
2023-07-05 11:57:45,39,43,10968,31451
2023-07-05 11:57:50,40,43,10968,31451
2023-07-05 11:57:59,39,43,10968,31451
2023-07-05 11:58:03,39,42,10968,31451
2023-07-05 11:58:48,40,42,10968,31451
2023-07-05 11:59:10,42,43,10988,31471
2023-07-05 11:59:15,41,43,10988,31471
2023-07-05 11:59:15,43,44,11008,31491
2023-07-05 11:59:33,41,44,11008,31491
2023-07-05 11:59:33,43,44,11008,31491
2023-07-05 11:59:34,41,44,11008,31631
2023-07-05 11:59:34,43,44,11008,31631
2023-07-05 11:59:35,41,44,11043,31666
2023-07-05 11:59:46,43,44,11043,31666
2023-07-05 12:00:06,44,45,11063,31686
2023-07-05 12:00:06,44,45,11072,31695
2023-07-05 12:00:25,42,45,11072,31695
2023-07-05 12:00:25,43,45,11072,31695
2023-07-05 12:00:25,43,44,11072,31695
2023-07-05 12:00:26,44,45,11072,31835
2023-07-05 12:00:26,43,45,11132,31895
2023-07-05 12:00:27,45,46,11155,31918
2023-07-05 12:00:27,43,46,11167,31930
2023-07-05 12:00:29,44,46,11167,31930
2023-07-05 12:00:29,44,45,11167,31930
2023-07-05 12:00:35,44,46,11167,31930
2023-07-05 12:00:36,45,46,11167,31930
2023-07-05 12:00:44,45,47,11167,31930
2023-07-05 12:00:44,45,46,11167,31930
2023-07-05 12:00:46,45,47,11167,31930
2023-07-05 12:00:46,46,47,11167,31930
2023-07-05 12:00:53,45,47,11167,31930
2023-07-05 12:00:53,45,48,11167,31930
2023-07-05 12:00:53,46,48,11167,31930
2023-07-05 12:00:55,47,48,11167,31930
2023-07-05 12:00:55,47,48,11187,31950
2023-07-05 12:00:56,46,48,11202,31965
2023-07-05 12:01:12,45,48,11202,31965
2023-07-05 12:01:14,46,48,11202,31965
2023-07-05 12:01:14,46,47,11202,31965
2023-07-05 12:01:18,45,47,11202,31965
2023-07-05 12:01:18,45,48,11202,31965
2023-07-05 12:01:18,46,48,11202,31965
2023-07-05 12:01:18,46,47,11202,31965
2023-07-05 12:01:27,45,47,11202,31965
2023-07-05 12:01:27,47,48,11222,31985
2023-07-05 12:01:32,45,48,11222,32000
2023-07-05 12:01:36,46,48,11222,32000
2023-07-05 12:01:50,45,48,11222,32000
2023-07-05 12:01:51,46,48,11222,32000
2023-07-05 12:01:51,46,47,11222,32000
2023-07-05 12:01:59,45,47,11222,32000
2023-07-05 12:02:00,46,47,11222,32000
2023-07-05 12:02:06,45,47,11222,32000
2023-07-05 12:02:06,46,47,11222,32000
2023-07-05 12:02:09,45,47,11222,32000
2023-07-05 12:02:09,46,47,11222,32000
2023-07-05 12:02:33,47,48,11225,32003
2023-07-05 12:02:47,45,48,11225,32003
2023-07-05 12:02:47,46,48,11225,32003
2023-07-05 12:02:47,46,47,11225,32003
2023-07-05 12:03:03,45,47,11225,32003
2023-07-05 12:03:03,45,46,11225,32003
2023-07-05 12:03:19,45,47,11225,32003
2023-07-05 12:03:19,45,46,11225,32003
2023-07-05 12:03:43,45,47,11225,32003
2023-07-05 12:03:43,45,46,11225,32003
2023-07-05 12:03:43,45,46,11252,32053
2023-07-05 12:03:51,43,46,11252,32053
2023-07-05 12:03:51,44,46,11252,32053
2023-07-05 12:03:51,44,45,11252,32053
2023-07-05 12:03:53,42,45,11252,32053
2023-07-05 12:03:53,42,46,11252,32053
2023-07-05 12:03:53,44,46,11252,32053
2023-07-05 12:03:53,44,45,11252,32053
2023-07-05 12:04:26,43,45,11252,32053
2023-07-05 12:04:26,44,45,11252,32053
2023-07-05 12:04:43,43,45,11252,32053
2023-07-05 12:04:43,45,46,11272,32073
2023-07-05 12:04:48,43,46,11272,32073
2023-07-05 12:04:48,45,46,11272,32073
2023-07-05 12:04:50,43,46,11272,32073
2023-07-05 12:04:50,45,46,11272,32073
2023-07-05 12:04:53,43,45,11272,32108
2023-07-05 12:05:01,43,44,11272,32108
2023-07-05 12:05:24,42,44,11232,32358
2023-07-05 12:05:46,43,44,11232,32358
2023-07-05 12:06:21,42,44,11232,32358
2023-07-05 12:07:03,43,44,11232,32358
2023-07-05 12:07:28,42,44,11232,32358
2023-07-05 12:07:28,44,46,11252,32378
2023-07-05 12:07:28,44,45,11252,32378
2023-07-05 12:07:33,43,45,11252,32458
2023-07-05 12:07:42,42,45,11252,32458
2023-07-05 12:07:47,43,45,11252,32458
2023-07-05 12:07:47,43,44,11252,32458
2023-07-05 12:07:58,42,44,11252,32458
2023-07-05 12:07:58,43,44,11252,32458
2023-07-05 12:08:13,42,44,11252,32458
2023-07-05 12:08:13,42,43,11252,32458
2023-07-05 12:08:13,42,43,11262,32488
2023-07-05 12:08:13,42,44,11262,32488
2023-07-05 12:08:16,41,44,11262,32488
2023-07-05 12:08:16,42,44,11262,32488
2023-07-05 12:08:16,42,44,11362,32588
2023-07-05 12:08:16,42,43,11362,32588
2023-07-05 12:08:16,42,44,11362,32588
2023-07-05 12:08:23,41,44,11362,32588
2023-07-05 12:08:23,43,44,11362,32588
2023-07-05 12:08:33,42,44,11362,32588
2023-07-05 12:08:33,43,44,11362,32588
2023-07-05 12:08:44,42,44,11362,32588
2023-07-05 12:08:44,44,45,11365,32591
2023-07-05 12:08:45,44,45,11385,32611
2023-07-05 12:08:55,42,45,11385,32611
2023-07-05 12:08:55,43,45,11385,32611
2023-07-05 12:08:55,43,44,11385,32611
2023-07-05 12:09:01,42,44,11385,32611
2023-07-05 12:09:01,43,44,11385,32611
2023-07-05 12:09:22,42,44,11385,32611
2023-07-05 12:09:22,43,44,11385,32611
2023-07-05 12:09:32,42,44,11385,32611
2023-07-05 12:09:32,43,44,11385,32611
2023-07-05 12:10:46,42,43,11385,32661
2023-07-05 12:11:42,42,44,11385,32661
2023-07-05 12:11:53,43,44,11385,32661
2023-07-05 12:13:05,44,45,11488,32764
2023-07-05 12:13:07,45,46,11528,32804
2023-07-05 12:13:21,45,46,11548,32904
2023-07-05 12:13:26,44,45,11498,32954
2023-07-05 12:13:34,44,46,11498,32954
2023-07-05 12:13:34,44,45,11498,32954
2023-07-05 12:13:34,44,45,11498,32974
2023-07-05 12:13:48,43,44,11448,33024
2023-07-05 12:14:33,42,43,11448,33074
2023-07-05 12:15:04,42,43,11448,33099
2023-07-05 12:15:22,40,42,11498,33199
2023-07-05 12:15:25,41,42,11498,33199
2023-07-05 12:15:37,40,42,11487,33380
2023-07-05 12:15:41,40,41,11487,33380
2023-07-05 12:15:49,40,42,11487,33380
2023-07-05 12:15:49,40,41,11487,33380
2023-07-05 12:15:58,39,40,11487,33411
2023-07-05 12:16:02,38,39,11757,33681
2023-07-05 12:16:09,38,39,11857,33781
2023-07-05 12:16:24,38,39,11858,33831
2023-07-05 12:16:35,37,38,11858,33851
2023-07-05 12:16:40,37,38,12003,33996
2023-07-05 12:16:41,36,38,12003,33996
2023-07-05 12:16:41,37,38,12003,33996
2023-07-05 12:16:51,36,38,12003,33996
2023-07-05 12:16:51,36,37,12003,33996
2023-07-05 12:16:55,36,37,12063,34056
2023-07-05 12:17:11,36,37,12098,34091
2023-07-05 12:17:12,36,38,12098,34091
2023-07-05 12:17:12,37,38,12098,34091
2023-07-05 12:17:19,36,37,12098,34141
2023-07-05 12:17:23,35,36,12098,34161
2023-07-05 12:17:46,35,37,12098,34161
2023-07-05 12:17:46,35,36,12098,34161
2023-07-05 12:18:06,35,38,12098,34161
2023-07-05 12:18:06,36,38,12098,34161
2023-07-05 12:18:06,36,37,12098,34161
2023-07-05 12:18:41,35,37,12098,34161
2023-07-05 12:18:41,37,38,12098,34181
2023-07-05 12:18:56,35,38,12098,34181
2023-07-05 12:18:56,36,38,12098,34181
2023-07-05 12:18:56,36,37,12098,34181
2023-07-05 12:19:46,36,38,12098,34181
2023-07-05 12:19:46,37,38,12098,34181
2023-07-05 12:20:23,39,40,12098,34201
2023-07-05 12:20:31,38,40,12098,34201
2023-07-05 12:20:31,39,40,12098,34201
2023-07-05 12:20:33,40,42,12098,34241
2023-07-05 12:20:33,40,41,12098,34241
2023-07-05 12:20:50,42,43,12098,34272
2023-07-05 12:21:08,39,43,12098,34272
2023-07-05 12:21:08,41,43,12098,34272
2023-07-05 12:21:10,41,42,12098,34272
2023-07-05 12:21:24,42,43,12119,34313
2023-07-05 12:21:25,41,42,12128,34322
2023-07-05 12:21:37,39,42,12128,34322
2023-07-05 12:21:38,41,42,12128,34322
2023-07-05 12:22:43,42,43,12139,34333
2023-07-05 12:22:51,43,44,12179,34373
2023-07-05 12:22:57,42,44,12179,34373
2023-07-05 12:23:15,41,44,12129,34523
2023-07-05 12:23:27,42,44,12129,34523
2023-07-05 12:23:51,43,44,12129,34523
2023-07-05 12:24:15,42,44,12119,34553
2023-07-05 12:24:16,42,43,12119,34553
2023-07-05 12:24:25,40,41,12119,34612
2023-07-05 12:24:44,40,42,12119,34612
2023-07-05 12:24:44,40,41,12119,34612
2023-07-05 12:24:54,40,42,12119,34612
2023-07-05 12:24:54,40,41,12119,34612
2023-07-05 12:24:56,40,42,12119,34612
2023-07-05 12:24:56,40,41,12119,34612
2023-07-05 12:24:56,39,40,12119,34632
2023-07-05 12:25:21,39,41,12119,34632
2023-07-05 12:25:21,39,40,12119,34632
2023-07-05 12:25:33,37,39,12119,34702
2023-07-05 12:25:33,38,39,12119,34702
2023-07-05 12:25:38,37,39,12119,34702
2023-07-05 12:25:38,37,38,12119,34702
2023-07-05 12:25:43,36,38,12119,34702
2023-07-05 12:25:44,37,38,12119,34702
2023-07-05 12:25:46,36,38,12119,34702
2023-07-05 12:25:46,37,38,12119,34702
2023-07-05 12:25:46,36,37,12119,34722
2023-07-05 12:26:07,36,38,12119,34722
2023-07-05 12:26:07,37,38,12119,34722
2023-07-05 12:26:11,36,37,12119,34872
2023-07-05 12:26:42,35,36,12389,35142
2023-07-05 12:28:22,34,35,12389,35182
2023-07-05 12:28:33,34,36,12389,35182
2023-07-05 12:28:33,34,35,12389,35182
2023-07-05 12:29:13,34,36,12389,35182
2023-07-05 12:29:13,35,36,12389,35182
2023-07-05 12:29:49,34,36,12389,35182
2023-07-05 12:29:49,35,36,12389,35182
2023-07-05 12:30:13,34,36,12389,35182
2023-07-05 12:30:13,34,35,12389,35182
2023-07-05 12:30:48,34,35,12389,35202
2023-07-05 12:31:11,32,35,12389,35202
2023-07-05 12:31:11,34,35,12389,35202
2023-07-05 12:31:28,33,35,12389,35202
2023-07-05 12:31:28,33,35,12489,35302
2023-07-05 12:31:55,33,34,12489,35302
2023-07-05 12:32:13,33,35,12489,35302
2023-07-05 12:32:13,34,35,12489,35302
2023-07-05 12:32:21,34,35,12589,35402
2023-07-05 12:32:26,34,35,12839,35652
2023-07-05 12:32:38,34,35,12864,35677
2023-07-05 12:32:40,34,35,12964,35777
2023-07-05 12:32:47,33,35,12964,35777
2023-07-05 12:32:57,34,35,12964,35777
2023-07-05 12:33:12,33,35,12964,35777
2023-07-05 12:33:12,33,35,13014,35827
2023-07-05 12:34:00,33,35,13264,36077
2023-07-05 12:34:01,33,35,13464,36277
2023-07-05 12:34:01,34,35,13464,36277
2023-07-05 12:34:05,34,35,13644,36527
2023-07-05 12:34:06,34,36,13644,36527
2023-07-05 12:34:07,36,37,13644,36592
2023-07-05 12:34:14,36,38,13644,36592
2023-07-05 12:34:14,37,38,13644,36592
2023-07-05 12:34:23,37,39,13644,36592
2023-07-05 12:34:24,37,40,13644,36592
2023-07-05 12:34:24,37,38,13644,36592
2023-07-05 12:34:27,37,40,13694,36642
2023-07-05 12:34:37,39,40,13694,36642
2023-07-05 12:34:41,39,40,13694,36842
2023-07-05 12:34:54,38,40,13694,36842
2023-07-05 12:34:56,39,40,13694,36842
2023-07-05 12:34:57,38,40,13694,36842
2023-07-05 12:34:58,40,42,13694,36882
2023-07-05 12:34:58,40,41,13694,36882
2023-07-05 12:35:06,38,41,13694,36882
2023-07-05 12:35:06,38,41,13794,36982
2023-07-05 12:35:06,39,41,13794,36982
2023-07-05 12:35:08,39,42,13794,36982
2023-07-05 12:35:10,39,41,13794,36982
2023-07-05 12:35:13,40,41,13794,36982
2023-07-05 12:35:30,40,42,13794,37032
2023-07-05 12:35:31,40,41,13794,37032
2023-07-05 12:35:34,38,41,13794,37032
2023-07-05 12:35:34,39,41,13794,37032
2023-07-05 12:35:35,40,41,13794,37032
2023-07-05 12:35:38,39,41,13794,37032
2023-07-05 12:35:38,39,40,13794,37032
2023-07-05 12:35:59,39,40,13794,37100
2023-07-05 12:36:04,39,40,13794,37300
2023-07-05 12:36:04,39,41,13845,37500
2023-07-05 12:36:04,38,41,13845,37500
2023-07-05 12:36:04,38,40,13845,37500
2023-07-05 12:36:05,39,40,13845,37500
2023-07-05 12:36:06,39,42,13745,37600
2023-07-05 12:36:07,40,42,13745,37600
2023-07-05 12:36:07,40,43,13745,37650
2023-07-05 12:36:08,39,43,13745,37650
2023-07-05 12:36:08,40,43,13745,37650
2023-07-05 12:36:09,39,43,13745,37650
2023-07-05 12:36:09,40,43,13745,37650
2023-07-05 12:36:09,41,43,13745,37650
2023-07-05 12:36:10,42,43,13745,37650
2023-07-05 12:36:27,41,42,13663,37732
2023-07-05 12:36:28,41,43,13663,37732
2023-07-05 12:36:52,42,43,13663,37732
2023-07-05 12:36:56,42,46,13663,37752
2023-07-05 12:36:56,43,46,13663,37752
2023-07-05 12:36:58,43,47,13663,37752
2023-07-05 12:36:59,44,47,13663,37752
2023-07-05 12:37:10,43,47,13663,37752
2023-07-05 12:37:10,43,46,13663,37752
2023-07-05 12:38:07,44,46,13663,37752
2023-07-05 12:38:13,45,46,13663,37752
2023-07-05 12:38:22,44,46,13663,37752
2023-07-05 12:39:01,43,46,13663,37752
2023-07-05 12:39:06,44,46,13663,37752
2023-07-05 12:39:21,43,46,13663,37752
2023-07-05 12:39:55,42,46,13663,37752
2023-07-05 12:40:09,42,45,13663,37752
2023-07-05 12:40:36,41,45,13663,37752
2023-07-05 12:40:37,41,44,13663,37752
2023-07-05 12:40:37,43,44,13663,37752
2023-07-05 12:40:37,43,44,13663,37802
2023-07-05 12:40:40,41,44,13663,37802
2023-07-05 12:40:40,41,44,13663,37852
2023-07-05 12:40:40,42,44,13663,37852
2023-07-05 12:40:49,41,44,13663,37852
2023-07-05 12:40:49,43,44,13663,37852
2023-07-05 12:41:44,41,44,13663,37852
2023-07-05 12:41:44,43,44,13663,37852
2023-07-05 12:41:46,41,44,13663,37852
2023-07-05 12:41:46,43,44,13663,37852
2023-07-05 12:41:47,41,43,13663,37902
2023-07-05 12:41:48,41,44,13663,37902
2023-07-05 12:41:50,41,43,13663,37902
2023-07-05 12:41:54,42,43,13663,37902
2023-07-05 12:41:59,42,44,13663,37902
2023-07-05 12:42:07,41,44,13663,37902
2023-07-05 12:42:07,43,44,13663,37902
2023-07-05 12:42:18,42,44,13663,37902
2023-07-05 12:42:18,43,44,13663,37902
2023-07-05 12:43:16,42,44,13663,37902
2023-07-05 12:43:19,43,44,13663,37902
2023-07-05 12:44:05,42,44,13663,37902
2023-07-05 12:44:05,43,44,13663,37902
2023-07-05 12:45:02,42,44,13663,37902
2023-07-05 12:45:04,43,44,13663,37902
2023-07-05 12:45:07,44,45,13683,37922
2023-07-05 12:45:19,45,46,13703,37942
2023-07-05 12:45:21,46,47,13723,37962
2023-07-05 12:45:30,44,47,13723,37962
2023-07-05 12:45:31,45,47,13723,37962
2023-07-05 12:45:52,44,47,13723,37962
2023-07-05 12:45:52,45,47,13723,37962
2023-07-05 12:45:53,45,46,13723,37962
2023-07-05 12:46:26,46,47,13726,37965
2023-07-05 12:48:00,47,48,13746,37985
2023-07-05 12:48:26,48,49,13786,38025
2023-07-05 12:48:39,47,49,13786,38025
2023-07-05 12:48:46,46,47,13736,38175
2023-07-05 12:48:47,46,48,13736,38175
2023-07-05 12:49:01,46,47,13736,38175
2023-07-05 12:49:07,45,47,13686,38225
2023-07-05 12:50:17,45,46,13686,38225
2023-07-05 12:50:27,45,47,13686,38225
2023-07-05 12:50:52,46,47,13686,38225
2023-07-05 12:50:54,47,48,13706,38245
2023-07-05 12:51:39,45,48,13706,38245
2023-07-05 12:51:39,46,48,13706,38245
2023-07-05 12:51:44,45,48,13706,38245
2023-07-05 12:52:02,45,47,13706,38245
2023-07-05 12:52:03,45,48,13706,38245
2023-07-05 12:52:15,46,48,13706,38245
2023-07-05 12:52:25,45,48,13706,38245
2023-07-05 12:52:52,45,47,13706,38245
2023-07-05 12:53:08,45,46,13706,38245
2023-07-05 12:53:09,45,47,13706,38245
2023-07-05 12:53:46,45,46,13706,38245
2023-07-05 12:53:48,45,47,13706,38245
2023-07-05 12:53:50,45,46,13706,38245
2023-07-05 12:54:03,44,46,13706,38245
2023-07-05 12:54:35,43,44,13656,38295
2023-07-05 12:54:38,43,46,13656,38295
2023-07-05 12:54:38,44,46,13656,38295
2023-07-05 12:54:41,44,47,13656,38295
2023-07-05 12:55:04,44,45,13656,38295
2023-07-05 12:55:18,43,44,13606,38345
2023-07-05 12:55:19,43,45,13606,38345
2023-07-05 12:55:21,43,44,13606,38345
2023-07-05 12:55:25,43,45,13606,38345
2023-07-05 12:55:45,43,44,13606,38345
2023-07-05 12:56:04,43,45,13606,38345
2023-07-05 12:56:20,43,44,13606,38345
2023-07-05 12:56:36,42,44,13606,38345
2023-07-05 12:56:49,42,43,13606,38345
2023-07-05 12:56:53,41,43,13592,38395
2023-07-05 12:56:56,41,42,13592,38395
2023-07-05 12:57:05,41,43,13592,38395
2023-07-05 12:57:05,39,40,13592,38449
2023-07-05 12:57:22,38,39,13592,38469
2023-07-05 12:57:23,38,40,13592,38469
2023-07-05 12:57:24,38,39,13592,38469
2023-07-05 12:58:10,38,40,13592,38469
2023-07-05 12:58:27,39,40,13592,38469
2023-07-05 13:01:06,38,39,13592,38489
2023-07-05 13:01:07,38,40,13592,38489
2023-07-05 13:01:09,38,39,13592,38489
2023-07-05 13:01:20,38,39,13592,38543
2023-07-05 13:01:20,37,39,13592,38543
2023-07-05 13:01:39,37,38,13592,38543
2023-07-05 13:01:41,37,38,13592,38597
2023-07-05 13:01:42,35,38,13592,38597
2023-07-05 13:01:42,36,38,13592,38597
2023-07-05 13:03:29,37,38,13592,38597
2023-07-05 13:04:19,36,38,13592,38597
2023-07-05 13:04:19,37,38,13592,38597
2023-07-05 13:04:44,36,38,13592,38597
2023-07-05 13:05:05,36,37,13592,38597
2023-07-05 13:05:14,35,36,13592,38617
2023-07-05 13:05:15,34,36,13592,38617
2023-07-05 13:05:15,35,36,13592,38617
2023-07-05 13:05:51,35,37,13592,38617
2023-07-05 13:06:06,36,37,13592,38617
2023-07-05 13:06:56,35,37,13592,38617
2023-07-05 13:07:19,35,36,13592,38617
2023-07-05 13:07:20,35,37,13592,38617
2023-07-05 13:07:49,35,36,13592,38617
2023-07-05 13:07:57,35,37,13592,38617
2023-07-05 13:08:01,35,36,13592,38617
2023-07-05 13:08:03,35,37,13592,38617
2023-07-05 13:08:27,35,36,13592,38617
2023-07-05 13:08:30,34,36,13612,38637
2023-07-05 13:08:45,34,35,13612,38637
2023-07-05 13:08:47,34,35,13612,38783
2023-07-05 13:08:48,32,35,13612,38783
2023-07-05 13:08:48,33,35,13612,38783
2023-07-05 13:08:50,32,35,13612,38783
2023-07-05 13:08:50,33,35,13612,38783
2023-07-05 13:08:53,33,35,13614,38785
2023-07-05 13:08:53,33,35,13616,38787
2023-07-05 13:08:53,33,35,13651,38822
2023-07-05 13:08:54,33,34,13651,38822
2023-07-05 13:08:54,31,34,13651,38822
2023-07-05 13:08:54,32,34,13651,38822
2023-07-05 13:08:54,33,34,13651,38822
2023-07-05 13:08:55,32,34,13671,38842
2023-07-05 13:08:57,32,33,13671,38842
2023-07-05 13:09:06,30,33,13691,38862
2023-07-05 13:09:26,30,32,13691,38862
2023-07-05 13:09:28,30,33,13691,38862
2023-07-05 13:09:29,30,32,13691,38862
2023-07-05 13:09:30,30,33,13691,38862
2023-07-05 13:09:32,30,32,13691,38862
2023-07-05 13:09:35,30,33,13691,38862
2023-07-05 13:09:40,30,32,13691,38862
2023-07-05 13:09:41,30,33,13691,38862
2023-07-05 13:10:13,31,33,13691,38862
2023-07-05 13:10:35,32,33,13691,38862
2023-07-05 13:10:38,33,35,13691,38882
2023-07-05 13:10:55,34,35,13691,38882
2023-07-05 13:10:59,35,37,13691,38922
2023-07-05 13:11:00,34,37,13731,38962
2023-07-05 13:11:17,34,36,13731,38962
2023-07-05 13:11:29,33,36,13771,39002
2023-07-05 13:12:39,34,36,13771,39002
2023-07-05 13:12:49,35,36,13771,39002
2023-07-05 13:13:19,33,36,13771,39002
2023-07-05 13:13:19,35,36,13771,39002
2023-07-05 13:13:26,33,36,13771,39002
2023-07-05 13:15:09,34,36,13771,39002
2023-07-05 13:15:33,33,36,13771,39002
2023-07-05 13:15:33,34,36,13771,39002
2023-07-05 13:15:49,33,36,13771,39002
2023-07-05 13:15:57,33,35,13771,39002
2023-07-05 13:16:02,33,36,13771,39002
2023-07-05 13:16:14,33,35,13771,39002
2023-07-05 13:16:21,33,36,13771,39002
2023-07-05 13:16:33,34,36,13771,39002
2023-07-05 13:16:47,35,36,13771,39002
2023-07-05 13:16:59,34,36,13771,39002
2023-07-05 13:17:06,35,36,13771,39002
2023-07-05 13:17:25,36,37,13771,39082
2023-07-05 13:17:28,35,37,13771,39082
2023-07-05 13:17:29,36,37,13771,39082
2023-07-05 13:17:34,35,37,13771,39082
2023-07-05 13:17:34,36,37,13771,39082
2023-07-05 13:18:20,35,37,13791,39102
2023-07-05 13:18:28,34,37,13811,39122
2023-07-05 13:18:54,35,37,13811,39122
2023-07-05 13:18:57,36,37,13811,39122
2023-07-05 13:19:11,37,38,13811,39202
2023-07-05 13:19:16,36,38,13811,39202
2023-07-05 13:19:16,37,38,13811,39202
2023-07-05 13:19:22,36,38,13811,39202
2023-07-05 13:19:22,37,38,13811,39202
2023-07-05 13:19:32,36,38,13811,39202
2023-07-05 13:20:07,36,37,13811,39202
2023-07-05 13:20:12,35,37,13811,39202
2023-07-05 13:20:25,36,37,13811,39202
2023-07-05 13:20:37,37,38,13811,39252
2023-07-05 13:20:50,37,38,13826,39267
2023-07-05 13:21:31,36,38,13826,39267
2023-07-05 13:22:04,36,37,13826,39267
2023-07-05 13:22:12,35,36,13826,39287
2023-07-05 13:22:13,35,37,13826,39287
2023-07-05 13:22:17,34,37,13826,39287
2023-07-05 13:22:20,34,36,13826,39287
2023-07-05 13:22:21,34,35,13826,39287
2023-07-05 13:22:28,33,34,13826,39327
2023-07-05 13:22:35,31,34,13826,39327
2023-07-05 13:23:12,31,33,13826,39327
2023-07-05 13:23:28,31,34,13826,39327
2023-07-05 13:23:31,31,33,13826,39327
2023-07-05 13:23:51,31,34,13826,39327
2023-07-05 13:24:21,31,33,13826,39327
2023-07-05 13:24:47,31,32,13826,39327
2023-07-05 13:25:09,30,32,13826,39327
2023-07-05 13:25:14,30,33,13826,39327
2023-07-05 13:25:14,31,33,13826,39327
2023-07-05 13:25:18,31,34,13826,39327
2023-07-05 13:25:51,32,34,13826,39327
2023-07-05 13:25:56,32,35,13826,39327
2023-07-05 13:26:24,32,34,13826,39327
2023-07-05 13:26:51,32,35,13826,39327
2023-07-05 13:27:22,33,35,13826,39327
2023-07-05 13:27:26,34,35,13826,39327
2023-07-05 13:27:33,35,38,13826,39367
2023-07-05 13:27:33,36,38,13826,39367
2023-07-05 13:27:35,36,39,13826,39367
2023-07-05 13:27:35,36,38,13826,39367
2023-07-05 13:27:36,36,39,13826,39367
2023-07-05 13:27:36,36,38,13826,39367
2023-07-05 13:27:40,37,38,13826,39367
2023-07-05 13:27:46,38,40,13826,39387
2023-07-05 13:28:19,38,39,13826,39387
2023-07-05 13:28:25,37,39,13826,39387
2023-07-05 13:30:30,38,39,13826,39387
2023-07-05 13:32:15,39,40,13826,39437
2023-07-05 13:32:36,38,40,13826,39437
2023-07-05 13:32:46,39,40,13826,39437
2023-07-05 13:33:17,40,41,13846,39487
2023-07-05 13:33:28,41,42,13946,39587
2023-07-05 13:33:41,40,42,13946,39587
2023-07-05 13:33:49,39,42,13946,39587
2023-07-05 13:33:49,40,42,13946,39587
2023-07-05 13:34:06,39,42,13946,39587
2023-07-05 13:34:06,40,42,13946,39587
2023-07-05 13:34:12,41,42,13946,39587
2023-07-05 13:34:30,40,42,13946,39587
2023-07-05 13:34:30,41,42,13946,39587
2023-07-05 13:35:13,39,42,13946,39587
2023-07-05 13:35:13,40,42,13946,39587
2023-07-05 13:35:42,39,42,13946,39587
2023-07-05 13:35:43,40,42,13946,39587
2023-07-05 13:35:51,39,42,13946,39587
2023-07-05 13:36:03,40,42,13946,39587
2023-07-05 13:36:24,41,42,13946,39587
2023-07-05 13:36:27,40,42,13946,39587
2023-07-05 13:36:54,41,42,13946,39587
2023-07-05 13:37:02,41,43,14046,39687
2023-07-05 13:37:16,42,43,14046,39687
2023-07-05 13:37:19,44,45,14136,39777
2023-07-05 13:37:51,43,45,14136,39777
2023-07-05 13:37:51,42,45,14136,39777
2023-07-05 13:38:00,42,44,14136,39777
2023-07-05 13:38:22,42,43,14136,39777
2023-07-05 13:38:24,41,43,14136,39777
2023-07-05 13:38:54,41,42,14136,39777
2023-07-05 13:39:02,40,42,14136,39777
2023-07-05 13:39:04,40,41,14136,39777
2023-07-05 13:39:44,39,41,14136,39777
2023-07-05 13:40:05,39,40,14136,39777
2023-07-05 13:40:18,39,41,14136,39777
2023-07-05 13:40:46,39,42,14136,39777
2023-07-05 13:40:46,39,41,14136,39777
2023-07-05 13:40:51,39,40,14136,39777
2023-07-05 13:41:17,39,41,14136,39777
2023-07-05 13:41:22,39,42,14136,39777
2023-07-05 13:41:22,39,41,14136,39777
2023-07-05 13:41:32,39,42,14136,39777
2023-07-05 13:41:41,39,41,14136,39777
2023-07-05 13:41:46,39,40,14136,39777
2023-07-05 13:42:00,38,40,14136,39777
2023-07-05 13:42:09,38,41,14136,39777
2023-07-05 13:42:09,38,40,14136,39777
2023-07-05 13:42:32,38,41,14136,39777
2023-07-05 13:43:09,38,40,14136,39777
2023-07-05 13:43:57,38,41,14136,39777
2023-07-05 13:44:03,39,41,14136,39777
2023-07-05 13:44:03,39,42,14136,39777
2023-07-05 13:44:03,39,41,14136,39777
2023-07-05 13:45:05,39,42,14136,39777
2023-07-05 13:45:09,39,41,14136,39777
2023-07-05 13:45:18,39,42,14136,39777
2023-07-05 13:45:37,39,41,14136,39777
2023-07-05 13:45:53,39,40,14136,39777
2023-07-05 13:46:02,38,40,14136,39777
2023-07-05 13:47:25,38,39,14136,39777
2023-07-05 13:47:50,38,40,14136,39777
2023-07-05 13:47:58,38,39,14136,39777
2023-07-05 13:48:05,37,39,14136,39777
2023-07-05 13:48:21,37,38,14136,39777
2023-07-05 13:49:01,36,37,14086,39827
2023-07-05 13:49:07,34,37,14086,39827
2023-07-05 13:49:09,34,36,14086,39827
2023-07-05 13:50:08,34,37,14086,39827
2023-07-05 13:50:32,35,37,14086,39827
2023-07-05 13:50:35,35,38,14086,39827
2023-07-05 13:50:38,34,38,14086,39827
2023-07-05 13:50:40,35,38,14086,39827
2023-07-05 13:50:46,35,37,14086,39827
2023-07-05 13:51:04,35,38,14086,39827
2023-07-05 13:51:09,35,39,14086,39827
2023-07-05 13:51:09,35,38,14086,39827
2023-07-05 13:51:15,36,38,14086,39827
2023-07-05 13:51:20,35,38,14086,39827
2023-07-05 13:51:58,35,37,14086,39827
2023-07-05 13:52:21,35,36,14086,39827
2023-07-05 13:52:32,34,36,14086,39827
2023-07-05 13:52:41,34,37,14086,39827
2023-07-05 13:52:41,34,36,14086,39827
2023-07-05 13:53:02,34,37,14086,39827
2023-07-05 13:53:36,34,38,14086,39827
2023-07-05 13:53:36,34,37,14086,39827
2023-07-05 13:53:37,35,37,14086,39827
2023-07-05 13:53:41,35,38,14086,39827
2023-07-05 13:54:50,35,37,14086,39827
2023-07-05 13:55:05,35,38,14086,39827
2023-07-05 13:55:40,35,37,14086,39827
2023-07-05 13:55:56,35,36,14086,39827
2023-07-05 13:56:08,34,36,14086,39827
2023-07-05 13:56:17,34,36,14071,39842
2023-07-05 13:56:20,34,37,14071,39842
2023-07-05 13:56:20,34,36,14071,39842
2023-07-05 13:56:36,34,38,14071,39842
2023-07-05 13:56:36,34,37,14071,39842
2023-07-05 13:56:51,35,37,14071,39842
2023-07-05 13:56:53,35,38,14071,39842
2023-07-05 13:56:55,36,38,14071,39842
2023-07-05 13:57:00,36,40,14071,39842
2023-07-05 13:57:00,36,39,14071,39842
2023-07-05 13:57:04,37,39,14071,39842
2023-07-05 13:59:05,37,38,14071,39842
2023-07-05 13:59:23,36,38,14071,39842
2023-07-05 13:59:29,36,37,14071,39842
2023-07-05 14:00:05,35,36,14021,39892
2023-07-05 14:00:14,34,36,14021,39892
2023-07-05 14:00:32,34,35,14021,39892
2023-07-05 14:00:34,33,35,14021,39892
2023-07-05 14:00:35,33,34,14021,39892
2023-07-05 14:00:36,32,33,13981,39932
2023-07-05 14:00:37,32,34,13981,39932
2023-07-05 14:00:37,29,31,13941,40022
2023-07-05 14:00:37,28,31,13941,40022
2023-07-05 14:00:39,27,31,13941,40022
2023-07-05 14:00:41,28,31,13941,40022
2023-07-05 14:00:46,27,31,13941,40022
2023-07-05 14:00:47,27,30,13941,40022
2023-07-05 14:00:47,26,30,13941,40022
2023-07-05 14:00:47,27,30,13941,40022
2023-07-05 14:00:52,27,31,13941,40022
2023-07-05 14:01:00,28,31,13941,40022
2023-07-05 14:01:03,29,31,13941,40022
2023-07-05 14:01:05,29,32,13941,40022
2023-07-05 14:01:17,29,31,13941,40022
2023-07-05 14:01:23,29,30,13941,40022
2023-07-05 14:01:27,27,30,13941,40022
2023-07-05 14:01:32,27,29,13941,40022
2023-07-05 14:01:36,27,28,13941,40022
2023-07-05 14:01:37,25,27,13901,40062
2023-07-05 14:01:46,25,28,13901,40062
2023-07-05 14:01:52,25,29,13901,40062
2023-07-05 14:01:53,26,29,13901,40062
2023-07-05 14:01:58,25,29,13901,40062
2023-07-05 14:01:59,26,29,13901,40062
2023-07-05 14:02:03,27,29,13901,40062
2023-07-05 14:02:06,28,29,13901,40062
2023-07-05 14:02:07,29,32,13916,40077
2023-07-05 14:02:07,29,33,13916,40077
2023-07-05 14:02:07,29,34,13916,40077
2023-07-05 14:02:07,29,33,13916,40077
2023-07-05 14:02:07,29,34,13916,40077
2023-07-05 14:02:08,31,34,13916,40077
2023-07-05 14:02:09,32,34,13916,40077
2023-07-05 14:02:10,33,34,13916,40077
2023-07-05 14:02:17,33,34,13922,40083
2023-07-05 14:02:23,33,36,13952,40113
2023-07-05 14:02:23,34,36,13952,40113
2023-07-05 14:02:27,34,37,13952,40113
2023-07-05 14:02:27,35,38,13952,40113
2023-07-05 14:02:27,35,37,13952,40113
2023-07-05 14:02:32,35,37,13960,40121
2023-07-05 14:02:35,35,36,13960,40121
2023-07-05 14:02:36,35,37,13960,40121
2023-07-05 14:02:47,35,36,13960,40121
2023-07-05 14:03:03,35,37,13960,40121
2023-07-05 14:03:08,35,36,13960,40121
2023-07-05 14:03:20,34,36,13960,40121
2023-07-05 14:03:20,34,37,13960,40121
2023-07-05 14:03:20,34,35,13960,40121
2023-07-05 14:03:25,33,35,13960,40161
2023-07-05 14:03:25,33,34,13960,40161
2023-07-05 14:03:34,35,37,14015,40216
2023-07-05 14:03:35,36,37,14015,40216
2023-07-05 14:03:41,34,37,14015,40216
2023-07-05 14:03:42,34,36,14015,40216
2023-07-05 14:03:47,34,35,14015,40216
2023-07-05 14:04:16,34,35,14001,40230
2023-07-05 14:04:31,33,35,13975,40256
2023-07-05 14:04:31,33,34,13975,40256
2023-07-05 14:04:32,33,35,13975,40256
2023-07-05 14:04:40,34,35,13975,40256
2023-07-05 14:04:46,34,36,13990,40271
2023-07-05 14:04:46,35,36,13990,40271
2023-07-05 14:05:27,35,37,14005,40286
2023-07-05 14:05:27,36,37,14005,40286
2023-07-05 14:05:33,36,38,14020,40301
2023-07-05 14:05:33,37,38,14020,40301
2023-07-05 14:05:39,37,40,14050,40331
2023-07-05 14:05:39,38,40,14050,40331
2023-07-05 14:05:39,39,40,14050,40331
2023-07-05 14:06:06,37,40,14050,40331
2023-07-05 14:06:08,37,39,14050,40331
2023-07-05 14:06:14,37,38,14050,40331
2023-07-05 14:06:18,35,37,14030,40351
2023-07-05 14:06:35,36,37,14030,40351
2023-07-05 14:07:04,36,38,14060,40381
2023-07-05 14:07:06,36,37,14060,40381
2023-07-05 14:07:07,36,37,14045,40396
2023-07-05 14:07:32,35,37,13995,40446
2023-07-05 14:07:32,35,36,13995,40446
2023-07-05 14:07:41,33,35,13970,40471
2023-07-05 14:08:05,33,34,13970,40471
2023-07-05 14:08:13,30,33,13965,40476
2023-07-05 14:08:15,30,32,13965,40476
2023-07-05 14:08:40,30,31,13965,40476
2023-07-05 14:08:42,30,31,13965,40505
2023-07-05 14:08:43,29,31,13965,40511
2023-07-05 14:08:43,29,30,13965,40511
2023-07-05 14:08:45,28,29,13940,40571
2023-07-05 14:08:46,27,29,13940,40571
2023-07-05 14:09:01,26,29,13940,40571
2023-07-05 14:09:04,27,29,13940,40571
2023-07-05 14:09:09,26,29,13940,40571
2023-07-05 14:09:13,27,29,13940,40571
2023-07-05 14:09:16,26,29,13940,40571
2023-07-05 14:09:24,27,29,13940,40571
2023-07-05 14:09:26,28,29,13940,40571
2023-07-05 14:09:31,27,29,13940,40571
2023-07-05 14:09:41,26,29,13940,40571
2023-07-05 14:09:45,27,29,13940,40571
2023-07-05 14:09:59,28,29,13940,40571
2023-07-05 14:10:03,28,30,13945,40611
2023-07-05 14:10:07,29,30,13945,40611
2023-07-05 14:10:13,29,31,13945,40651
2023-07-05 14:10:13,30,31,13945,40651
2023-07-05 14:10:16,31,32,13970,40676
2023-07-05 14:10:33,31,33,14000,40706
2023-07-05 14:10:33,32,33,14000,40706
2023-07-05 14:10:51,31,33,14000,40706
2023-07-05 14:10:58,31,33,14025,40731
2023-07-05 14:11:06,32,33,14025,40731
2023-07-05 14:11:09,32,35,14035,40741
2023-07-05 14:11:15,31,35,14035,40741
2023-07-05 14:11:17,31,34,14035,40741
2023-07-05 14:11:19,31,35,14035,40741
2023-07-05 14:11:19,31,34,14035,40741
2023-07-05 14:11:22,32,34,14035,40741
2023-07-05 14:11:24,33,34,14035,40741
2023-07-05 14:11:32,32,34,14035,40741
2023-07-05 14:11:32,33,34,14035,40741
2023-07-05 14:11:37,32,34,14035,40741
2023-07-05 14:11:45,31,34,14035,40741
2023-07-05 14:11:45,32,34,14035,40741
2023-07-05 14:12:00,33,34,14035,40741
2023-07-05 14:12:10,33,35,14050,40781
2023-07-05 14:12:26,34,35,14050,40781
2023-07-05 14:12:33,33,35,14050,40781
2023-07-05 14:12:46,34,35,14050,40781
2023-07-05 14:12:54,35,36,14065,40796
2023-07-05 14:13:04,34,36,14065,40796
2023-07-05 14:13:19,33,36,14065,40796
2023-07-05 14:13:35,34,36,14065,40796
2023-07-05 14:13:43,33,36,14065,40796
2023-07-05 14:13:59,33,35,14065,40796
2023-07-05 14:14:16,33,34,14065,40796
2023-07-05 14:14:22,33,35,14065,40796
2023-07-05 14:14:46,33,36,14065,40796
2023-07-05 14:14:46,33,35,14065,40796
2023-07-05 14:14:46,33,36,14065,40796
2023-07-05 14:14:51,34,36,14065,40796
2023-07-05 14:14:53,35,36,14065,40796
2023-07-05 14:15:04,36,37,14080,40811
2023-07-05 14:15:06,37,39,14095,40826
2023-07-05 14:15:08,38,39,14095,40826
2023-07-05 14:15:19,39,40,14110,40841
2023-07-05 14:15:23,40,44,14200,40931
2023-07-05 14:15:23,41,44,14200,40931
2023-07-05 14:15:23,42,44,14200,40931
2023-07-05 14:15:25,42,45,14200,40931
2023-07-05 14:15:25,43,45,14200,40931
2023-07-05 14:15:25,43,46,14200,40931
2023-07-05 14:15:25,43,47,14200,40931
2023-07-05 14:15:26,44,47,14200,40931
2023-07-05 14:15:27,44,48,14200,40931
2023-07-05 14:15:29,44,47,14200,40931
2023-07-05 14:15:30,43,47,14200,40931
2023-07-05 14:15:30,43,46,14200,40931
2023-07-05 14:15:31,42,46,14200,40931
2023-07-05 14:15:32,42,45,14200,40931
2023-07-05 14:15:42,41,45,14200,40931
2023-07-05 14:15:45,41,44,14200,40931
2023-07-05 14:15:47,43,44,14200,40931
2023-07-05 14:15:47,43,44,14400,41131
2023-07-05 14:15:47,43,45,14400,41131
2023-07-05 14:15:48,43,48,14400,41146
2023-07-05 14:15:50,44,48,14400,41146
2023-07-05 14:15:52,44,50,14400,41146
2023-07-05 14:15:52,44,49,14400,41146
2023-07-05 14:15:52,45,49,14400,41146
2023-07-05 14:15:52,46,49,14400,41146
2023-07-05 14:15:52,47,49,14400,41146
2023-07-05 14:15:53,48,49,14400,41146
2023-07-05 14:15:53,48,52,14400,41146
2023-07-05 14:15:53,48,51,14400,41146
2023-07-05 14:15:53,47,51,14400,41146
2023-07-05 14:15:54,48,51,14400,41146
2023-07-05 14:15:54,49,51,14400,41146
2023-07-05 14:15:54,50,51,14400,41146
2023-07-05 14:15:54,50,51,14400,41186
2023-07-05 14:15:54,50,52,14400,41186
2023-07-05 14:15:55,50,51,14400,41186
2023-07-05 14:15:56,49,50,14240,41346
2023-07-05 14:15:56,48,50,14240,41346
2023-07-05 14:15:57,48,51,14240,41346
2023-07-05 14:16:07,49,51,14240,41346
2023-07-05 14:16:08,51,54,14270,41376
2023-07-05 14:16:08,51,54,14310,41416
2023-07-05 14:16:08,51,53,14310,41416
2023-07-05 14:16:08,51,54,14310,41416
2023-07-05 14:16:08,51,55,14310,41416
2023-07-05 14:16:09,51,56,14310,41416
2023-07-05 14:16:09,51,55,14310,41416
2023-07-05 14:16:10,52,55,14310,41416
2023-07-05 14:16:10,53,55,14310,41416
2023-07-05 14:16:10,53,56,14310,41416
2023-07-05 14:16:12,54,56,14310,41416
2023-07-05 14:16:15,55,56,14310,41416
2023-07-05 14:16:16,56,58,14310,41466
2023-07-05 14:16:16,56,57,14310,41466
2023-07-05 14:16:16,56,60,14310,41466
2023-07-05 14:16:17,55,60,14310,41466
2023-07-05 14:16:17,56,60,14310,41466
2023-07-05 14:16:17,57,60,14310,41466
2023-07-05 14:16:18,57,59,14310,41466
2023-07-05 14:16:18,56,59,14310,41466
2023-07-05 14:16:19,55,59,14310,41466
2023-07-05 14:16:19,55,58,14310,41466
2023-07-05 14:16:21,54,58,14310,41466
2023-07-05 14:16:23,54,57,14310,41466
2023-07-05 14:16:24,53,57,14310,41466
2023-07-05 14:16:25,52,57,14310,41466
2023-07-05 14:16:25,52,56,14310,41466
2023-07-05 14:16:27,59,60,15568,43081
2023-07-05 14:16:27,59,60,15570,43083
2023-07-05 14:16:27,52,60,15696,43209
2023-07-05 14:16:27,52,58,15696,43209
2023-07-05 14:16:27,53,58,15696,43209
2023-07-05 14:16:27,54,58,15696,43209
2023-07-05 14:16:28,55,58,15696,43209
2023-07-05 14:16:38,55,57,15696,43209
2023-07-05 14:16:39,54,57,15696,43209
2023-07-05 14:16:39,53,57,15696,43209
2023-07-05 14:16:39,55,57,15696,43209
2023-07-05 14:16:39,53,57,15696,43224
2023-07-05 14:16:41,53,56,15696,43224
2023-07-05 14:16:44,52,56,15696,43224
2023-07-05 14:16:49,51,56,15696,43224
2023-07-05 14:16:49,53,56,15696,43224
2023-07-05 14:16:50,53,56,15696,43249
2023-07-05 14:16:54,54,56,15696,43249
2023-07-05 14:17:06,53,56,15696,43249
2023-07-05 14:17:06,55,56,15696,43249
2023-07-05 14:17:08,53,56,15696,43249
2023-07-05 14:17:08,54,56,15696,43249
2023-07-05 14:17:14,52,56,15696,43249
2023-07-05 14:17:14,51,56,15696,43249
2023-07-05 14:17:14,53,56,15696,43249
2023-07-05 14:17:23,52,56,15696,43249
2023-07-05 14:17:23,51,56,15696,43249
2023-07-05 14:17:23,52,56,15696,43249
2023-07-05 14:17:26,51,56,15696,43249
2023-07-05 14:17:26,53,56,15696,43249
2023-07-05 14:17:38,53,56,15446,43499
2023-07-05 14:17:41,52,56,15446,43499
2023-07-05 14:17:41,53,56,15446,43499
2023-07-05 14:17:41,54,56,15446,43499
2023-07-05 14:17:44,52,56,15446,43499
2023-07-05 14:17:44,53,56,15446,43499
2023-07-05 14:17:52,51,56,15446,43499
2023-07-05 14:17:52,51,55,15446,43499
2023-07-05 14:17:52,52,55,15446,43499
2023-07-05 14:17:53,52,54,15446,43499
2023-07-05 14:17:53,51,54,15446,43499
2023-07-05 14:17:53,48,54,15446,43499
2023-07-05 14:17:53,48,53,15446,43499
2023-07-05 14:17:54,50,53,15446,43499
2023-07-05 14:17:58,50,53,15196,43749
2023-07-05 14:18:01,50,53,14946,43999
2023-07-05 14:18:04,49,53,14946,43999
2023-07-05 14:18:04,50,53,14946,43999
2023-07-05 14:18:04,51,53,14946,43999
2023-07-05 14:18:08,51,53,14696,44249
2023-07-05 14:18:11,50,53,14521,44424
2023-07-05 14:18:14,49,53,14521,44424
2023-07-05 14:18:15,50,53,14521,44424
2023-07-05 14:18:17,50,53,14521,44427
2023-07-05 14:18:28,51,53,14521,44427
2023-07-05 14:18:52,51,53,14601,44507
2023-07-05 14:18:59,52,53,14601,44507
2023-07-05 14:19:07,53,54,14601,44534
2023-07-05 14:19:18,54,55,14601,44549
2023-07-05 14:19:59,56,57,14630,44579
2023-07-05 14:20:02,56,57,14647,44596
2023-07-05 14:20:11,56,57,14670,44619
2023-07-05 14:20:11,56,57,14693,44642
2023-07-05 14:20:11,56,57,14710,44659
2023-07-05 14:20:19,57,58,14725,44674
2023-07-05 14:20:19,56,58,14863,44812
2023-07-05 14:20:21,57,58,14863,44812
2023-07-05 14:20:21,57,58,14945,44894
2023-07-05 14:20:27,56,58,14945,44894
2023-07-05 14:20:35,56,57,14945,44894
2023-07-05 14:20:39,54,57,14945,44894
2023-07-05 14:20:39,55,57,14945,44894
2023-07-05 14:20:40,55,58,14945,44894
2023-07-05 14:20:40,55,57,14945,44894
2023-07-05 14:20:40,55,56,14945,44894
2023-07-05 14:20:43,54,56,14945,44894
2023-07-05 14:21:05,55,56,14945,44894
2023-07-05 14:21:17,55,58,14945,44894
2023-07-05 14:21:17,55,57,14945,44894
2023-07-05 14:21:20,56,57,14945,44894
2023-07-05 14:21:22,56,58,14945,44894
2023-07-05 14:21:35,56,58,15101,45094
2023-07-05 14:21:35,56,59,15101,45094
2023-07-05 14:21:36,57,59,15101,45094
2023-07-05 14:21:38,57,59,15101,45144
2023-07-05 14:21:39,56,59,15101,45144
2023-07-05 14:21:43,57,59,15101,45144
2023-07-05 14:21:47,57,58,15101,45144
2023-07-05 14:21:48,57,59,15101,45144
2023-07-05 14:21:55,57,58,15101,45144
2023-07-05 14:21:56,57,59,15033,45212
2023-07-05 14:22:00,56,59,15033,45212
2023-07-05 14:22:00,57,59,15033,45212
2023-07-05 14:22:05,57,60,15083,45262
2023-07-05 14:22:05,57,61,15083,45262
2023-07-05 14:22:05,57,60,15083,45262
2023-07-05 14:22:05,58,60,15083,45262
2023-07-05 14:22:05,58,61,15083,45262
2023-07-05 14:22:06,59,61,15083,45262
2023-07-05 14:22:06,59,60,15083,45262
2023-07-05 14:22:06,59,61,15083,45262
2023-07-05 14:22:06,59,62,15083,45262
2023-07-05 14:22:06,59,61,15083,45262
2023-07-05 14:22:06,59,62,15083,45262
2023-07-05 14:22:07,61,62,15083,45262
2023-07-05 14:22:09,61,63,15083,45262
2023-07-05 14:22:13,62,63,15083,45262
2023-07-05 14:22:14,62,63,15088,45267
2023-07-05 14:22:14,62,64,15088,45267
2023-07-05 14:22:14,63,64,15088,45267
2023-07-05 14:22:16,63,64,15093,45272
2023-07-05 14:22:17,63,65,15293,45472
2023-07-05 14:22:17,64,66,15293,45472
2023-07-05 14:22:20,63,66,15293,45472
2023-07-05 14:22:20,63,65,15293,45472
2023-07-05 14:22:30,61,65,15293,45472
2023-07-05 14:22:30,62,65,15293,45472
2023-07-05 14:22:31,63,65,15293,45472
2023-07-05 14:22:47,64,65,15293,45472
2023-07-05 14:22:49,65,66,15323,45502
2023-07-05 14:22:50,65,66,15523,45952
2023-07-05 14:22:50,65,66,15523,46002
2023-07-05 14:22:51,63,66,15523,46002
2023-07-05 14:22:51,64,66,15523,46002
2023-07-05 14:22:53,64,65,15523,46002
2023-07-05 14:22:53,63,65,15523,46002
2023-07-05 14:22:53,62,65,15523,46002
2023-07-05 14:22:53,63,65,15523,46002
2023-07-05 14:22:56,63,64,15523,46002
2023-07-05 14:22:56,62,64,15523,46002
2023-07-05 14:22:56,61,64,15523,46002
2023-07-05 14:22:56,62,64,15523,46002
2023-07-05 14:23:00,62,65,15523,46002
2023-07-05 14:23:00,61,65,15523,46002
2023-07-05 14:23:00,63,65,15523,46002
2023-07-05 14:23:05,63,66,15523,46002
2023-07-05 14:23:05,63,65,15523,46002
2023-07-05 14:23:05,64,65,15523,46002
2023-07-05 14:23:06,64,66,15523,46002
2023-07-05 14:23:30,64,67,15838,46517
2023-07-05 14:23:30,64,66,15838,46517
2023-07-05 14:23:31,63,66,15838,46517
2023-07-05 14:23:37,64,66,15838,46517
2023-07-05 14:23:43,64,67,15838,46517
2023-07-05 14:23:54,64,67,15838,46517
2023-07-05 14:23:54,64,66,15838,46517
2023-07-05 14:24:03,64,66,15838,46629
2023-07-05 14:24:03,64,67,15838,46629
2023-07-05 14:24:06,65,67,15838,46629
2023-07-05 14:24:09,65,68,16138,47129
2023-07-05 14:24:09,65,67,16138,47129
2023-07-05 14:24:12,66,67,16138,47129
2023-07-05 14:24:13,66,67,16218,47209
2023-07-05 14:24:13,66,67,16298,47289
2023-07-05 14:24:13,66,68,16298,47289
2023-07-05 14:24:19,66,68,16298,47489
2023-07-05 14:24:19,66,67,16298,47489
2023-07-05 14:24:23,65,67,16298,47489
2023-07-05 14:24:23,65,68,16298,47489
2023-07-05 14:24:23,65,68,16298,47489
2023-07-05 14:24:23,65,67,16298,47489
2023-07-05 14:24:29,64,67,16298,47489
2023-07-05 14:24:29,64,66,16298,47489
2023-07-05 14:24:29,64,67,16298,47489
2023-07-05 14:24:36,64,67,16298,47489
2023-07-05 14:24:36,64,66,16298,47489
2023-07-05 14:24:42,65,66,16298,47489
2023-07-05 14:24:55,65,66,16298,47704
2023-07-05 14:24:57,64,66,16100,47902
2023-07-05 14:25:01,65,66,16100,47902
2023-07-05 14:25:14,64,66,16100,47902
2023-07-05 14:25:42,64,65,16100,47902
2023-07-05 14:25:46,63,64,16085,47917
2023-07-05 14:25:49,61,62,16005,47997
2023-07-05 14:25:50,61,64,16005,47997
2023-07-05 14:25:59,61,63,16005,47997
2023-07-05 14:26:01,61,64,16005,47997
2023-07-05 14:26:34,61,63,16005,47997
2023-07-05 14:26:37,61,64,16005,47997
2023-07-05 14:26:37,60,61,15965,48037
2023-07-05 14:26:38,59,61,15965,48037
2023-07-05 14:26:44,59,60,15965,48037
2023-07-05 14:26:45,59,61,15965,48037
2023-07-05 14:26:48,59,60,15965,48037
2023-07-05 14:26:52,59,60,15985,48057
2023-07-05 14:26:52,59,60,16005,48077
2023-07-05 14:26:53,58,60,16115,48187
2023-07-05 14:26:57,57,60,16115,48187
2023-07-05 14:26:58,57,58,16115,48187
2023-07-05 14:26:59,56,58,16115,48187
2023-07-05 14:27:09,56,57,16115,48187
2023-07-05 14:27:11,56,57,16145,48217
2023-07-05 14:27:13,56,58,16145,48217
2023-07-05 14:27:34,56,57,16145,48217
2023-07-05 14:27:34,55,57,16145,48217
2023-07-05 14:27:39,54,57,16145,48417
2023-07-05 14:27:39,54,56,16145,48417
2023-07-05 14:27:40,54,55,16145,48417
2023-07-05 14:27:44,52,55,16145,48417
2023-07-05 14:27:47,53,55,16145,48417
2023-07-05 14:27:51,52,55,16145,48417
2023-07-05 14:27:53,52,54,16145,48417
2023-07-05 14:28:32,52,53,16145,48417
2023-07-05 14:28:35,52,54,16145,48417
2023-07-05 14:28:48,52,55,16145,48417
2023-07-05 14:28:48,52,54,16145,48417
2023-07-05 14:28:49,53,54,16145,48417
2023-07-05 14:28:49,53,54,16196,48468
2023-07-05 14:28:53,53,55,16196,48468
2023-07-05 14:28:56,53,56,16196,48468
2023-07-05 14:28:56,52,56,16196,48468
2023-07-05 14:28:56,52,54,16196,48468
2023-07-05 14:29:00,52,54,16196,48474
2023-07-05 14:29:24,52,55,16196,48555
2023-07-05 14:29:39,52,56,16196,48555
2023-07-05 14:29:44,53,56,16196,48555
2023-07-05 14:29:55,54,56,16196,48555
2023-07-05 14:30:07,54,55,16196,48555
2023-07-05 14:30:08,53,55,16196,48555
2023-07-05 14:30:23,52,55,16196,48555
2023-07-05 14:30:31,52,54,16196,48555
2023-07-05 14:30:34,52,53,16196,48555
2023-07-05 14:30:40,52,53,16196,48570
2023-07-05 14:30:45,51,53,16196,48570
2023-07-05 14:30:45,49,53,16196,48570
2023-07-05 14:30:51,50,53,16196,48570
2023-07-05 14:31:08,51,53,16196,48570
2023-07-05 14:31:08,51,54,16196,48570
2023-07-05 14:31:17,51,53,16196,48570
2023-07-05 14:31:19,51,52,16196,48570
2023-07-05 14:31:31,50,51,16156,48610
2023-07-05 14:31:32,49,51,16156,48610
2023-07-05 14:31:35,49,52,16156,48610
2023-07-05 14:32:06,49,53,16156,48610
2023-07-05 14:32:10,50,53,16156,48610
2023-07-05 14:32:14,49,53,16156,48610
2023-07-05 14:32:15,50,53,16156,48610
2023-07-05 14:32:21,50,54,16156,48610
2023-07-05 14:32:22,51,54,16156,48610
2023-07-05 14:32:47,51,53,16156,48610
2023-07-05 14:32:50,51,52,16156,48610
2023-07-05 14:32:55,51,53,16156,48610
2023-07-05 14:32:59,50,53,16156,48610
2023-07-05 14:33:11,50,52,16156,48610
2023-07-05 14:33:22,50,53,16156,48610
2023-07-05 14:33:27,50,52,16156,48610
2023-07-05 14:33:34,50,52,16157,48611
2023-07-05 14:33:38,49,50,16157,48626
2023-07-05 14:33:39,49,52,16242,48711
2023-07-05 14:33:41,49,53,16242,48711
2023-07-05 14:33:53,50,53,16242,48711
2023-07-05 14:34:01,51,53,16242,48711
2023-07-05 14:34:01,51,54,16242,48711
2023-07-05 14:34:04,52,54,16242,48711
2023-07-05 14:34:04,52,55,16242,48711
2023-07-05 14:34:07,53,55,16242,48711
2023-07-05 14:34:14,53,56,16242,48711
2023-07-05 14:34:32,53,55,16242,48711
2023-07-05 14:34:35,53,54,16242,48711
2023-07-05 14:34:41,52,54,16242,48711
2023-07-05 14:34:53,51,54,16242,48711
2023-07-05 14:34:59,51,53,16242,48711
2023-07-05 14:35:09,51,54,16242,48711
2023-07-05 14:36:03,51,55,16242,48711
2023-07-05 14:36:05,52,55,16242,48711
2023-07-05 14:36:15,53,55,16242,48711
2023-07-05 14:36:18,52,56,16242,48711
2023-07-05 14:36:19,53,56,16242,48711
2023-07-05 14:36:25,54,56,16242,48711
2023-07-05 14:36:28,54,55,16242,48711
2023-07-05 14:36:29,54,55,16244,48713
2023-07-05 14:36:33,53,55,16244,48713
2023-07-05 14:36:33,52,55,16244,48713
2023-07-05 14:36:33,52,54,16244,48713
2023-07-05 14:36:37,52,53,16244,48713
2023-07-05 14:36:38,51,53,16244,48713
2023-07-05 14:36:38,51,52,16244,48713
2023-07-05 14:36:43,50,51,16230,48727
2023-07-05 14:36:44,48,51,16216,48741
2023-07-05 14:36:45,48,50,16216,48741
2023-07-05 14:37:13,48,49,16216,48741
2023-07-05 14:37:15,47,48,16214,48743
2023-07-05 14:37:17,46,47,16212,48745
2023-07-05 14:37:18,45,47,16212,48745
2023-07-05 14:37:20,45,46,16212,48745
2023-07-05 14:37:20,44,46,16212,48745
2023-07-05 14:37:47,44,45,16212,48745
2023-07-05 14:37:52,44,45,16212,48945
2023-07-05 14:37:52,42,45,16212,48945
2023-07-05 14:37:53,42,44,16212,48945
2023-07-05 14:37:54,42,43,16212,48945
2023-07-05 14:37:55,42,44,16262,49195
2023-07-05 14:38:00,42,45,16262,49195
2023-07-05 14:38:00,43,45,16262,49195
2023-07-05 14:38:03,43,46,16262,49195
2023-07-05 14:38:10,43,45,16262,49195
2023-07-05 14:38:15,43,45,16262,49201
2023-07-05 14:38:36,43,46,16262,49201
2023-07-05 14:38:39,44,46,16262,49201
2023-07-05 14:38:46,43,46,16262,49201
2023-07-05 14:38:55,44,46,16262,49201
2023-07-05 14:39:06,43,46,16262,49201
2023-07-05 14:39:06,43,45,16262,49201
2023-07-05 14:39:08,43,44,16262,49201
2023-07-05 14:39:10,42,44,16262,49214
2023-07-05 14:39:18,42,43,16262,49214
2023-07-05 14:39:18,41,43,16249,49227
2023-07-05 14:39:26,40,43,16249,49227
2023-07-05 14:39:26,42,43,16249,49227
2023-07-05 14:39:28,41,43,16193,49283
2023-07-05 14:39:41,40,43,16193,49283
2023-07-05 14:39:48,40,42,16193,49283
2023-07-05 14:39:48,39,42,16193,49283
2023-07-05 14:39:59,39,41,16193,49283
2023-07-05 14:40:00,38,41,16193,49283
2023-07-05 14:40:09,38,40,16193,49283
2023-07-05 14:40:10,37,40,16193,49283
2023-07-05 14:40:18,37,39,16193,49283
2023-07-05 14:40:21,37,38,16193,49283
2023-07-05 14:40:26,36,38,16193,49300
2023-07-05 14:40:32,35,38,16193,49300
2023-07-05 14:40:33,35,37,16193,49300
2023-07-05 14:40:35,34,37,16493,49615
2023-07-05 14:40:37,35,37,16493,49615
2023-07-05 14:40:39,35,36,16493,49615
2023-07-05 14:40:39,34,36,16493,49615
2023-07-05 14:40:39,34,35,16493,49615
2023-07-05 14:40:39,34,36,16493,49615
2023-07-05 14:40:41,34,36,16693,49815
2023-07-05 14:40:42,34,35,16693,49815
2023-07-05 14:40:42,33,35,16693,49815
2023-07-05 14:40:50,34,35,16693,49815
2023-07-05 14:40:51,34,36,16693,49815
2023-07-05 14:41:01,35,36,16693,49815
2023-07-05 14:41:06,34,36,16693,49815
2023-07-05 14:41:11,33,36,16693,49815
2023-07-05 14:41:15,34,36,16693,49815
2023-07-05 14:41:24,33,36,16693,49815
2023-07-05 14:41:29,34,36,16693,49815
2023-07-05 14:41:54,33,36,16693,49815
2023-07-05 14:41:55,33,35,16693,49815
2023-07-05 14:41:56,33,34,16693,49815
2023-07-05 14:42:07,31,33,16678,49830
2023-07-05 14:42:09,31,32,16678,49830
2023-07-05 14:42:10,29,32,16678,49830
2023-07-05 14:42:11,31,32,16678,49830
2023-07-05 14:42:17,31,34,16678,49830
2023-07-05 14:42:17,31,33,16678,49830
2023-07-05 14:42:22,31,34,16678,49830
2023-07-05 14:42:23,31,33,16678,49830
2023-07-05 14:42:34,31,32,16678,49830
2023-07-05 14:42:55,31,32,16678,50080
2023-07-05 14:42:56,31,34,16678,50080
2023-07-05 14:42:56,31,33,16678,50080
2023-07-05 14:43:10,31,34,16678,50080
2023-07-05 14:43:10,31,32,16678,50080
2023-07-05 14:43:14,31,34,16678,50080
2023-07-05 14:43:14,31,33,16678,50080
2023-07-05 14:43:24,31,34,16678,50080
2023-07-05 14:43:24,31,33,16678,50080
2023-07-05 14:43:24,31,32,16678,50080
2023-07-05 14:43:26,31,33,16678,50315
2023-07-05 14:43:29,31,32,16678,50315
2023-07-05 14:43:47,30,32,16678,50315
2023-07-05 14:44:08,30,31,16678,50315
2023-07-05 14:44:13,29,31,16678,50315
2023-07-05 14:44:21,29,32,16678,50315
2023-07-05 14:44:23,31,32,16678,50315
2023-07-05 14:44:33,29,32,16638,50355
2023-07-05 14:44:33,28,32,16638,50395
2023-07-05 14:44:45,28,30,16638,50395
2023-07-05 14:44:46,28,29,16638,50395
2023-07-05 14:45:03,28,31,16638,50395
2023-07-05 14:45:04,28,30,16638,50395
2023-07-05 14:45:20,28,29,16638,50395
2023-07-05 14:45:38,26,27,16598,50435
2023-07-05 14:45:38,26,27,16623,50460
2023-07-05 14:45:50,26,27,16638,50475
2023-07-05 14:45:52,26,29,16638,50475
2023-07-05 14:45:52,27,29,16638,50475
2023-07-05 14:45:52,27,28,16638,50475
2023-07-05 14:45:53,27,28,16653,50490
2023-07-05 14:46:05,26,27,16633,50510
2023-07-05 14:46:16,25,26,16613,50530
2023-07-05 14:46:16,25,26,16633,50550
2023-07-05 14:46:26,25,26,16633,50552
2023-07-05 14:46:33,26,27,16648,50567
2023-07-05 14:46:35,25,27,16648,50567
2023-07-05 14:46:35,25,26,16648,50567
2023-07-05 14:46:42,26,27,16678,50597
2023-07-05 14:46:47,25,27,16678,50597
2023-07-05 14:46:47,26,27,16678,50597
2023-07-05 14:46:47,25,27,16718,50637
2023-07-05 14:46:51,27,28,16733,50652
2023-07-05 14:46:59,25,27,16733,50677
2023-07-05 14:47:00,26,27,16733,50677
2023-07-05 14:47:01,25,27,16753,50697
2023-07-05 14:47:18,25,27,16753,50699
2023-07-05 14:47:19,24,25,16742,50710
2023-07-05 14:47:21,24,25,16803,50790
2023-07-05 14:47:24,24,26,16803,50790
2023-07-05 14:47:24,23,24,16763,50830
2023-07-05 14:47:27,23,27,16763,50830
2023-07-05 14:47:27,23,26,16763,50830
2023-07-05 14:47:27,24,26,16763,50830
2023-07-05 14:47:27,24,25,16763,50830
2023-07-05 14:47:27,24,25,16783,50850
2023-07-05 14:47:31,24,25,16798,50865
2023-07-05 14:48:01,23,24,16763,50900
2023-07-05 14:48:03,23,24,16763,50940
2023-07-05 14:48:11,21,24,16763,50940
2023-07-05 14:48:11,22,24,16763,50940
2023-07-05 14:48:11,22,23,16763,50940
2023-07-05 14:48:11,22,23,16783,50960
2023-07-05 14:48:28,21,23,16783,50960
2023-07-05 14:48:28,21,24,16783,50960
2023-07-05 14:48:28,23,24,16783,50960
2023-07-05 14:48:28,22,23,16783,50980
2023-07-05 14:48:30,22,24,16783,51000
2023-07-05 14:48:30,22,23,16783,51000
2023-07-05 14:48:43,22,24,16813,51050
2023-07-05 14:48:44,22,23,16813,51050
2023-07-05 14:48:45,22,24,16753,51110
2023-07-05 14:48:46,22,24,16813,51170
2023-07-05 14:49:04,21,22,16773,51710
2023-07-05 14:49:04,21,22,16373,52110
2023-07-05 14:49:05,21,22,15973,52510
2023-07-05 14:49:05,21,22,15573,52910
2023-07-05 14:49:06,21,24,15570,52913
2023-07-05 14:49:06,21,23,15570,52913
2023-07-05 14:49:08,21,23,15570,52973
2023-07-05 14:49:20,21,24,15570,52973
2023-07-05 14:49:20,21,22,15570,52973
2023-07-05 14:49:25,21,24,15570,52973
2023-07-05 14:49:25,21,23,15570,52973
2023-07-05 14:49:32,21,22,15570,52973
2023-07-05 14:49:35,21,22,15570,53053
2023-07-05 14:49:49,21,23,15570,53053
2023-07-05 14:49:54,21,23,15570,53093
2023-07-05 14:50:13,21,24,15570,53093
2023-07-05 14:50:13,21,22,15570,53093
2023-07-05 14:50:17,21,22,15570,53153
2023-07-05 14:50:27,20,21,15530,53193
2023-07-05 14:50:27,19,21,15530,53193
2023-07-05 14:50:27,21,22,15530,53213
2023-07-05 14:50:27,21,22,15575,53258
2023-07-05 14:50:36,19,22,15575,53258
2023-07-05 14:50:36,21,22,15575,53258
2023-07-05 14:51:03,21,22,15625,53318
2023-07-05 14:51:10,19,22,15625,53318
2023-07-05 14:51:10,21,22,15625,53318
2023-07-05 14:51:12,21,22,15625,53333
2023-07-05 14:51:12,19,22,15705,53413
2023-07-05 14:51:16,20,22,15705,53413
2023-07-05 14:51:16,20,21,15705,53413
2023-07-05 14:51:42,19,21,15780,53488
2023-07-05 14:51:44,19,20,15780,53488
2023-07-05 14:51:47,19,20,15780,53548
2023-07-05 14:51:47,19,20,15805,53573
2023-07-05 14:51:47,18,20,15905,53673
2023-07-05 14:51:49,18,21,15905,53673
2023-07-05 14:51:51,18,19,15905,53673
2023-07-05 14:51:54,18,20,15825,53753
2023-07-05 14:51:55,19,20,15825,53753
2023-07-05 14:51:56,19,22,15745,53833
2023-07-05 14:51:59,20,22,15745,53833
2023-07-05 14:51:59,20,21,15745,53833
2023-07-05 14:51:59,20,22,15685,53893
2023-07-05 14:52:01,21,22,15685,53893
2023-07-05 14:52:04,21,22,15685,53913
2023-07-05 14:52:13,19,22,15685,53913
2023-07-05 14:52:13,20,22,15685,53913
2023-07-05 14:52:13,20,21,15685,53913
2023-07-05 14:52:20,20,21,15738,53966
2023-07-05 14:52:20,19,21,15738,53986
2023-07-05 14:52:21,19,20,15738,53986
2023-07-05 14:52:25,18,19,15738,53996
2023-07-05 14:52:36,18,20,15738,53996
2023-07-05 14:52:36,19,20,15738,53996
2023-07-05 14:52:45,18,20,15738,53996
2023-07-05 14:52:45,20,21,15738,54011
2023-07-05 14:52:48,19,21,15738,54011
2023-07-05 14:52:48,21,22,15738,54041
2023-07-05 14:53:01,20,21,15738,54056
2023-07-05 14:53:08,18,21,15738,54056
2023-07-05 14:53:08,20,21,15738,54056
2023-07-05 14:53:08,20,22,15738,54056
2023-07-05 14:53:10,18,22,15738,54056
2023-07-05 14:53:10,20,22,15738,54056
2023-07-05 14:53:10,20,21,15738,54056
2023-07-05 14:53:24,20,21,15738,54086
2023-07-05 14:53:24,18,21,15758,54106
2023-07-05 14:53:24,18,20,15758,54106
2023-07-05 14:53:47,19,20,15758,54106
2023-07-05 14:54:07,21,22,15778,54126
2023-07-05 14:54:18,20,22,15778,54126
2023-07-05 14:54:18,22,24,15778,54166
2023-07-05 14:54:18,22,23,15778,54166
2023-07-05 14:54:34,20,23,15818,54206
2023-07-05 14:54:34,20,22,15818,54206
2023-07-05 14:54:37,19,22,15818,54206
2023-07-05 14:54:37,20,22,15818,54206
2023-07-05 14:54:37,20,21,15818,54206
2023-07-05 14:54:40,19,21,15818,54206
2023-07-05 14:54:40,19,23,15818,54206
2023-07-05 14:54:40,19,22,15818,54206
2023-07-05 14:54:40,21,22,15818,54206
2023-07-05 14:55:06,20,21,15818,54221
2023-07-05 14:55:18,20,22,15818,54221
2023-07-05 14:55:18,20,21,15818,54221
2023-07-05 14:55:35,20,22,15818,54221
2023-07-05 14:55:35,21,22,15818,54221
2023-07-05 14:55:38,21,23,15658,54381
2023-07-05 14:55:38,22,23,15658,54381
2023-07-05 14:55:44,22,26,15658,54416
2023-07-05 14:55:44,24,26,15658,54416
2023-07-05 14:55:45,24,26,15678,54436
2023-07-05 14:55:52,25,26,15678,54436
2023-07-05 14:55:53,24,26,15678,54436
2023-07-05 14:55:53,25,26,15678,54436
2023-07-05 14:56:05,26,27,15703,54461
2023-07-05 14:56:13,26,27,15718,54476
2023-07-05 14:56:19,26,28,15578,54616
2023-07-05 14:56:20,27,28,15578,54616
2023-07-05 14:56:22,27,29,15438,54756
2023-07-05 14:56:22,28,29,15438,54756
2023-07-05 14:56:22,28,29,15453,54771
2023-07-05 14:56:23,28,30,15453,54771
2023-07-05 14:56:23,28,31,15453,54771
2023-07-05 14:56:25,31,32,15453,54786
2023-07-05 14:56:26,31,32,15468,54801
2023-07-05 14:56:32,29,32,15468,54801
2023-07-05 14:56:32,30,32,15468,54801
2023-07-05 14:56:32,32,33,15483,54816
2023-07-05 14:56:33,32,33,15498,54831
2023-07-05 14:56:37,30,33,15548,54881
2023-07-05 14:56:37,30,32,15548,54881
2023-07-05 14:56:39,29,32,15548,54881
2023-07-05 14:56:43,31,32,15548,54881
2023-07-05 14:56:43,31,32,15568,54901
2023-07-05 14:56:56,29,32,15768,55101
2023-07-05 14:56:56,29,31,15768,55101
2023-07-05 14:56:59,29,31,15828,55161
2023-07-05 14:57:00,29,30,15828,55161
2023-07-05 14:57:00,28,30,15828,55161
2023-07-05 14:57:03,28,30,15928,55261
2023-07-05 14:57:09,27,30,15928,55261
2023-07-05 14:57:10,28,30,15928,55261
2023-07-05 14:57:10,28,29,15928,55261
2023-07-05 14:57:30,27,29,15988,55541
2023-07-05 14:57:31,26,29,16188,55741
2023-07-05 14:57:32,28,29,16188,55741
2023-07-05 14:57:33,26,29,16228,55781
2023-07-05 14:57:35,27,29,16228,55781
2023-07-05 14:57:35,27,28,16228,55781
2023-07-05 14:57:35,26,28,16288,55841
2023-07-05 14:57:38,26,28,16328,55881
2023-07-05 14:57:53,27,28,16328,55881
2023-07-05 14:57:54,26,28,16448,56001
2023-07-05 14:57:54,27,28,16448,56001
2023-07-05 14:57:55,26,28,16468,56021
2023-07-05 14:58:00,27,28,16468,56021
2023-07-05 14:58:21,26,27,16463,56026
2023-07-05 14:58:32,26,28,16463,56026
2023-07-05 14:58:32,27,28,16463,56026
2023-07-05 14:58:44,26,28,16483,56056
2023-07-05 14:58:47,25,26,16443,56096
2023-07-05 14:58:47,25,26,16483,56136
2023-07-05 14:59:12,25,27,16483,56136
2023-07-05 14:59:12,25,26,16483,56136
2023-07-05 14:59:15,25,28,16483,56136
2023-07-05 14:59:15,24,25,16443,56176
2023-07-05 14:59:16,24,28,16443,56176
2023-07-05 14:59:16,25,28,16443,56176
2023-07-05 14:59:17,25,26,16443,56176
2023-07-05 14:59:47,24,25,16423,56196
2023-07-05 14:59:47,24,25,16443,56216
2023-07-05 14:59:47,24,25,16468,56241
2023-07-05 14:59:57,24,25,16468,56266
2023-07-05 15:00:08,24,25,16507,56305
2023-07-05 15:00:11,24,25,16518,56316
2023-07-05 15:00:21,24,26,16518,56316
2023-07-05 15:00:21,26,28,16533,56331
2023-07-05 15:00:21,26,28,16548,56346
2023-07-05 15:00:21,26,27,16548,56346
2023-07-05 15:00:45,25,26,16508,56386
2023-07-05 15:00:49,24,26,16606,56484
2023-07-05 15:00:50,24,25,16606,56484
2023-07-05 15:00:50,24,25,16616,56499
2023-07-05 15:00:52,23,24,16616,56529
2023-07-05 15:01:03,23,24,16601,56544
2023-07-05 15:01:05,23,26,16601,56544
2023-07-05 15:01:05,24,26,16601,56544
2023-07-05 15:01:05,24,25,16601,56544
2023-07-05 15:01:07,23,25,16601,56544
2023-07-05 15:01:07,23,26,16601,56544
2023-07-05 15:01:07,25,26,16601,56544
2023-07-05 15:01:18,24,26,16601,56544
2023-07-05 15:01:18,25,26,16601,56544
2023-07-05 15:01:25,23,26,16601,56544
2023-07-05 15:01:25,25,26,16601,56544
2023-07-05 15:01:46,24,26,16601,56544
2023-07-05 15:01:46,24,26,16601,56563
2023-07-05 15:01:49,25,26,16601,56563
2023-07-05 15:01:52,24,26,16601,56563
2023-07-05 15:02:00,24,25,16601,56563
2023-07-05 15:02:00,23,25,16601,56563
2023-07-05 15:02:00,24,25,16601,56563
2023-07-05 15:02:19,23,25,16601,56563
2023-07-05 15:02:19,23,25,16601,56578
2023-07-05 15:02:27,24,25,16601,56578
2023-07-05 15:02:35,22,25,16601,56578
2023-07-05 15:02:35,24,25,16601,56578
2023-07-05 15:02:38,22,25,16601,56578
2023-07-05 15:02:38,23,25,16601,56578
2023-07-05 15:02:49,24,25,16601,56578
2023-07-05 15:02:54,24,25,16601,56597
2023-07-05 15:03:03,23,25,16601,56597
2023-07-05 15:03:03,24,25,16601,56597
2023-07-05 15:03:15,21,25,16601,56597
2023-07-05 15:03:15,23,25,16601,56597
2023-07-05 15:03:15,23,24,16601,56597
2023-07-05 15:03:22,23,25,16601,56597
2023-07-05 15:03:22,22,23,16601,56612
2023-07-05 15:03:30,22,25,16601,56612
2023-07-05 15:03:30,23,25,16601,56612
2023-07-05 15:03:30,23,24,16601,56612
2023-07-05 15:03:36,22,24,16601,56612
2023-07-05 15:03:37,23,24,16601,56612
2023-07-05 15:03:43,23,24,16606,56649
2023-07-05 15:03:44,22,24,16606,56649
2023-07-05 15:03:54,23,24,16606,56649
2023-07-05 15:04:03,22,24,16606,56649
2023-07-05 15:04:03,22,23,16606,56649
2023-07-05 15:04:10,22,23,16601,56679
2023-07-05 15:04:17,23,24,16606,56709
2023-07-05 15:04:41,23,24,16642,56745
2023-07-05 15:04:58,23,24,16646,56749
2023-07-05 15:05:18,22,23,16606,56789
2023-07-05 15:05:43,22,25,16606,56789
2023-07-05 15:05:43,23,25,16606,56789
2023-07-05 15:05:52,22,24,16606,56789
2023-07-05 15:05:53,21,22,16601,56829
2023-07-05 15:05:58,20,21,16601,56844
2023-07-05 15:06:05,20,22,16601,56844
2023-07-05 15:06:05,20,22,16601,56859
2023-07-05 15:06:07,20,21,16601,56859
2023-07-05 15:06:10,19,20,16636,56894
2023-07-05 15:06:16,18,20,16836,57094
2023-07-05 15:06:16,18,19,16836,57094
2023-07-05 15:06:17,17,19,16918,57176
2023-07-05 15:06:18,18,19,16918,57176
2023-07-05 15:06:18,17,19,16935,57193
2023-07-05 15:06:22,17,19,16935,57300
2023-07-05 15:06:26,17,19,16935,57317
2023-07-05 15:06:33,16,17,16935,57373
2023-07-05 15:06:41,15,17,16935,57373
2023-07-05 15:06:41,15,19,16935,57373
2023-07-05 15:06:43,15,18,16935,57373
2023-07-05 15:06:44,15,17,16935,57373
2023-07-05 15:06:44,15,18,16935,57373
2023-07-05 15:06:50,15,17,16937,57375
2023-07-05 15:07:17,15,18,16937,57375
2023-07-05 15:07:19,16,18,16937,57375
2023-07-05 15:07:22,16,20,16937,57375
2023-07-05 15:07:22,16,19,16937,57375
2023-07-05 15:07:42,17,19,16937,57375
2023-07-05 15:07:50,18,19,16937,57375
2023-07-05 15:07:50,18,19,16952,57390
2023-07-05 15:08:04,18,22,16952,57420
2023-07-05 15:08:04,19,22,16952,57420
2023-07-05 15:08:04,18,22,16952,57420
2023-07-05 15:08:05,19,22,16952,57420
2023-07-05 15:08:05,20,22,16952,57420
2023-07-05 15:08:05,21,22,16952,57420
2023-07-05 15:08:30,20,22,16952,57420
2023-07-05 15:08:37,21,22,16952,57420
2023-07-05 15:08:40,20,22,16952,57420
2023-07-05 15:08:43,21,22,16952,57420
2023-07-05 15:08:49,21,23,16992,57540
2023-07-05 15:08:50,22,23,16992,57540
2023-07-05 15:08:50,22,24,16992,57540
2023-07-05 15:08:50,22,25,16992,57540
2023-07-05 15:08:50,22,24,16992,57540
2023-07-05 15:09:01,23,24,16992,57540
2023-07-05 15:09:01,23,25,17007,57555
2023-07-05 15:09:23,23,24,17007,57555
2023-07-05 15:09:31,23,25,17007,57555
2023-07-05 15:09:45,24,25,17007,57555
2023-07-05 15:10:04,26,28,17007,57585
2023-07-05 15:10:04,26,27,17007,57585
2023-07-05 15:10:05,26,28,17007,57585
2023-07-05 15:10:07,25,28,17007,57585
2023-07-05 15:10:07,25,27,17007,57585
2023-07-05 15:10:10,25,26,17007,57585
2023-07-05 15:10:15,26,27,17007,57630
2023-07-05 15:10:31,26,28,17322,57945
2023-07-05 15:10:31,25,28,17322,57945
2023-07-05 15:10:44,25,27,17322,57945
2023-07-05 15:10:53,25,26,17322,57945
2023-07-05 15:10:54,25,27,17322,57945
2023-07-05 15:10:58,25,26,17322,57945
2023-07-05 15:10:59,24,26,17322,57985
2023-07-05 15:11:10,23,26,17342,58025
2023-07-05 15:11:13,24,26,17342,58025
2023-07-05 15:11:27,23,26,17342,58025
2023-07-05 15:11:28,23,25,17342,58025
2023-07-05 15:11:32,23,26,17342,58025
2023-07-05 15:11:47,24,26,17342,58025
2023-07-05 15:11:49,23,26,17342,58025
2023-07-05 15:11:50,23,25,17342,58025
2023-07-05 15:11:59,23,24,17342,58025
2023-07-05 15:11:59,22,24,17372,58055
2023-07-05 15:12:01,22,25,17372,58055
2023-07-05 15:12:05,22,24,17372,58055
2023-07-05 15:12:07,22,25,17372,58055
2023-07-05 15:12:13,22,24,17372,58055
2023-07-05 15:12:26,22,25,17372,58055
2023-07-05 15:12:27,22,24,17372,58055
2023-07-05 15:12:36,20,24,17402,58385
2023-07-05 15:12:37,20,23,17402,58385
2023-07-05 15:12:38,19,23,17402,58385
2023-07-05 15:12:39,19,22,17402,58385
2023-07-05 15:12:50,19,21,17402,58385
2023-07-05 15:12:50,18,21,17417,58400
2023-07-05 15:12:51,17,21,17417,58400
2023-07-05 15:13:01,18,21,17417,58400
2023-07-05 15:13:34,18,20,17417,58400
2023-07-05 15:13:46,17,20,17432,58415
2023-07-05 15:13:46,17,19,17432,58415
2023-07-05 15:13:51,17,20,17432,58415
2023-07-05 15:13:57,18,20,17432,58415
2023-07-05 15:14:16,17,20,17432,58415
2023-07-05 15:14:25,17,19,17432,58415
2023-07-05 15:15:16,18,19,17432,58415
2023-07-05 15:15:20,17,19,17432,58415
2023-07-05 15:15:22,18,19,17432,58415
2023-07-05 15:15:26,17,19,17432,58415
2023-07-05 15:15:44,18,19,17432,58415
2023-07-05 15:16:12,18,20,17432,58430
2023-07-05 15:16:54,19,20,17432,58430
2023-07-05 15:17:01,19,21,17432,58475
2023-07-05 15:17:05,18,21,17432,58475
2023-07-05 15:17:05,19,21,17432,58475
2023-07-05 15:17:22,18,21,17432,58475
2023-07-05 15:17:30,18,20,17432,58475
2023-07-05 15:17:30,18,19,17432,58475
2023-07-05 15:17:38,17,19,17432,58475
2023-07-05 15:17:56,16,19,17432,58475
2023-07-05 15:18:08,16,20,17432,58475
2023-07-05 15:18:10,17,20,17432,58475
2023-07-05 15:18:10,17,21,17432,58475
2023-07-05 15:18:10,17,20,17432,58475
2023-07-05 15:18:19,16,20,17432,58475
2023-07-05 15:18:43,16,21,17432,58475
2023-07-05 15:18:43,16,20,17432,58475
2023-07-05 15:18:49,17,20,17432,58475
2023-07-05 15:18:53,16,20,17432,58475
2023-07-05 15:18:58,18,20,17437,58480
2023-07-05 15:19:30,17,20,17437,58480
2023-07-05 15:19:57,17,19,17437,58480
2023-07-05 15:20:02,17,18,17437,58480
2023-07-05 15:20:10,16,17,17452,58495
2023-07-05 15:21:05,15,16,17467,58510
2023-07-05 15:21:15,13,15,17980,59023
2023-07-05 15:22:20,13,14,17980,59023
2023-07-05 15:22:21,12,14,17990,59033
2023-07-05 15:22:24,12,13,17990,59033
2023-07-05 15:22:27,12,15,17990,59033
2023-07-05 15:22:43,13,14,17990,59033
2023-07-05 15:22:52,12,14,17990,59033
2023-07-05 15:23:05,12,14,17980,59433
2023-07-05 15:23:06,12,14,17980,59833
2023-07-05 15:23:06,12,14,17980,60233
2023-07-05 15:23:07,13,14,17980,60233
2023-07-05 15:23:07,13,18,17980,60443
2023-07-05 15:23:07,12,18,17980,60443
2023-07-05 15:23:07,14,18,17980,60443
2023-07-05 15:23:10,15,18,17980,60443
2023-07-05 15:23:10,15,19,17980,60443
2023-07-05 15:23:12,16,19,17980,60443
2023-07-05 15:23:17,15,19,17980,60443
2023-07-05 15:23:19,14,19,17980,60443
2023-07-05 15:23:20,15,19,17980,60443
2023-07-05 15:23:21,15,18,17980,60443
2023-07-05 15:23:27,14,18,17980,60443
2023-07-05 15:23:31,15,18,17980,60443
2023-07-05 15:23:40,16,18,17980,60443
2023-07-05 15:23:43,15,18,17980,60443
2023-07-05 15:23:50,14,18,17980,60443
2023-07-05 15:23:51,15,18,17980,60443
2023-07-05 15:23:57,14,18,17980,60443
2023-07-05 15:24:03,15,18,17980,60443
2023-07-05 15:24:07,14,18,17980,60443
2023-07-05 15:24:07,14,17,17980,60443
2023-07-05 15:24:16,14,16,17980,60443
2023-07-05 15:24:21,14,15,17980,60443
2023-07-05 15:24:23,12,15,17985,60448
2023-07-05 15:24:23,12,14,17985,60448
2023-07-05 15:24:45,12,16,17985,60448
2023-07-05 15:24:45,12,15,17985,60448
2023-07-05 15:24:55,13,15,17985,60448
2023-07-05 15:25:06,12,15,17985,60448
2023-07-05 15:25:14,13,15,17985,60448
2023-07-05 15:25:35,12,15,17990,60453
2023-07-05 15:25:37,11,15,18245,60708
2023-07-05 15:26:25,11,14,18245,60708
2023-07-05 15:26:29,11,13,18245,60708
2023-07-05 15:26:30,10,13,18250,60713
2023-07-05 15:26:32,10,11,18250,60713
2023-07-05 15:26:41,10,11,18255,60718
2023-07-05 15:26:44,7,10,18256,60719
2023-07-05 15:26:51,8,10,18256,60719
2023-07-05 15:26:55,8,12,18315,60778
2023-07-05 15:27:46,8,13,18315,60788
2023-07-05 15:28:29,8,12,18315,60788
2023-07-05 15:28:31,7,12,18315,60788
2023-07-05 15:28:44,7,11,18315,60788
2023-07-05 15:29:05,7,12,18315,60788
2023-07-05 15:29:10,7,11,18315,60788
2023-07-05 15:29:30,7,10,18315,60788
2023-07-05 15:29:43,7,12,18315,60788
2023-07-05 15:29:47,6,7,18320,60793
2023-07-05 15:29:47,6,7,18320,61193
2023-07-05 15:29:57,6,7,18320,61593
2023-07-05 15:29:57,6,7,18320,61993
2023-07-05 15:29:58,6,7,18343,62393
2023-07-05 15:29:58,6,10,18738,62788
2023-07-05 15:30:03,6,9,18738,62788
2023-07-05 15:30:34,6,8,18738,62788
2023-07-05 15:30:45,6,7,18738,62788
2023-07-05 15:30:47,6,8,18738,62788
2023-07-05 15:30:56,6,7,18738,62788
2023-07-05 15:30:57,6,8,18738,62788
2023-07-05 15:31:02,6,7,18738,62788
2023-07-05 15:31:03,6,8,18738,62788
2023-07-05 15:31:36,7,8,18738,62788
2023-07-05 15:32:13,6,8,18738,62788
2023-07-05 15:32:38,6,7,18738,62788
2023-07-05 15:34:29,5,7,18738,63043
2023-07-05 15:34:29,4,7,18738,63043
2023-07-05 15:34:35,5,7,18738,63043
2023-07-05 15:34:35,4,7,18738,63043
2023-07-05 15:34:35,5,7,18738,63043
2023-07-05 15:34:36,4,7,18738,63043
2023-07-05 15:34:36,5,7,18738,63043
2023-07-05 15:34:36,4,7,18738,63043
2023-07-05 15:34:36,5,7,18738,63043
2023-07-05 15:34:37,4,7,18738,63043
2023-07-05 15:34:37,5,7,18738,63043
2023-07-05 15:34:37,4,7,18738,63043
2023-07-05 15:34:37,5,7,18738,63043
2023-07-05 15:34:38,4,7,18738,63043
2023-07-05 15:34:38,5,7,18738,63043
2023-07-05 15:34:39,4,7,18738,63043
2023-07-05 15:34:39,5,7,18738,63043
2023-07-05 15:34:40,4,7,18738,63043
2023-07-05 15:34:40,5,7,18738,63043
2023-07-05 15:34:40,4,7,18738,63043
2023-07-05 15:34:40,5,7,18738,63043
2023-07-05 15:34:40,4,7,18738,63043
2023-07-05 15:34:41,5,7,18738,63043
2023-07-05 15:34:41,4,7,18738,63043
2023-07-05 15:34:41,5,7,18738,63043
2023-07-05 15:34:42,4,7,18738,63043
2023-07-05 15:34:42,5,7,18738,63043
2023-07-05 15:34:42,4,7,18738,63043
2023-07-05 15:34:42,5,7,18738,63043
2023-07-05 15:34:43,4,7,18738,63043
2023-07-05 15:34:43,5,7,18738,63043
2023-07-05 15:34:44,4,7,18738,63043
2023-07-05 15:34:44,5,7,18738,63043
2023-07-05 15:34:44,4,7,18738,63043
2023-07-05 15:34:44,5,7,18738,63043
2023-07-05 15:34:45,4,7,18738,63043
2023-07-05 15:34:45,5,7,18738,63043
2023-07-05 15:34:45,4,7,18738,63043
2023-07-05 15:34:45,5,7,18738,63043
2023-07-05 15:34:46,4,7,18738,63043
2023-07-05 15:34:46,5,7,18738,63043
2023-07-05 15:34:46,4,7,18738,63043
2023-07-05 15:34:46,5,7,18738,63043
2023-07-05 15:34:47,4,7,18738,63043
2023-07-05 15:34:47,5,7,18738,63043
2023-07-05 15:34:47,4,7,18738,63043
2023-07-05 15:34:47,5,7,18738,63043
2023-07-05 15:34:47,4,7,18738,63043
2023-07-05 15:34:47,5,7,18738,63043
2023-07-05 15:34:53,6,7,18738,63043
2023-07-05 15:34:59,5,7,18738,63043
2023-07-05 15:35:16,6,7,18738,63043
2023-07-05 15:35:30,5,7,18738,63043
2023-07-05 15:35:40,6,7,18738,63043
2023-07-05 15:35:50,6,9,18738,63048
2023-07-05 15:35:51,5,9,18738,63048
2023-07-05 15:35:51,7,9,18738,63048
2023-07-05 15:35:58,6,9,18738,63048
2023-07-05 15:36:21,6,8,18738,63048
2023-07-05 15:37:00,5,8,18738,63048
2023-07-05 15:37:38,6,8,18738,63048
2023-07-05 15:37:39,5,8,18738,63048
2023-07-05 15:37:39,7,8,18738,63048
2023-07-05 15:37:42,6,8,18738,63048
2023-07-05 15:38:04,7,8,18738,63048
2023-07-05 15:38:06,7,10,18738,63053
2023-07-05 15:38:07,6,10,18738,63053
2023-07-05 15:38:07,8,10,18738,63053
2023-07-05 15:38:09,9,10,18738,63053
2023-07-05 15:38:09,9,12,18738,63058
2023-07-05 15:38:32,6,12,18738,63058
2023-07-05 15:38:40,7,12,18738,63058
2023-07-05 15:39:00,8,12,18738,63058
2023-07-05 15:39:18,9,12,18738,63058
2023-07-05 15:40:36,8,12,18743,63063
2023-07-05 15:40:40,8,11,18743,63063
2023-07-05 15:40:44,8,12,18743,63063
2023-07-05 15:40:55,7,11,18825,63318
2023-07-05 15:40:58,7,8,18825,63318
2023-07-05 15:41:08,6,8,18825,63318
2023-07-05 15:41:13,6,10,18825,63318
2023-07-05 15:41:14,6,9,18825,63318
2023-07-05 15:41:29,5,9,18825,63318
2023-07-05 15:41:31,6,9,18825,63318
2023-07-05 15:41:41,5,9,18825,63318
2023-07-05 15:41:47,5,8,18825,63318
