datetime,bid,ask,open_interest,volume
2023-10-24 09:30:42,2,28,116,116
2023-10-24 09:31:00,27,28,116,116
2023-10-24 09:31:04,28,30,158,158
2023-10-24 09:31:12,28,30,116,274
2023-10-24 09:31:14,28,31,116,274
2023-10-24 09:31:21,29,31,116,274
2023-10-24 09:31:24,28,31,116,274
2023-10-24 09:31:39,27,31,116,274
2023-10-24 09:31:40,27,29,116,274
2023-10-24 09:31:54,26,29,116,274
2023-10-24 09:31:54,26,28,116,274
2023-10-24 09:32:05,26,28,292,524
2023-10-24 09:32:11,26,28,542,774
2023-10-24 09:32:11,26,27,542,774
2023-10-24 09:32:14,26,27,792,1024
2023-10-24 09:32:18,25,27,1042,1274
2023-10-24 09:32:21,25,26,1042,1274
2023-10-24 09:32:29,24,26,1242,1474
2023-10-24 09:33:10,24,25,1242,1474
2023-10-24 09:33:17,24,26,1242,1474
2023-10-24 09:33:54,24,27,1242,1474
2023-10-24 09:33:55,25,27,1242,1474
2023-10-24 09:34:03,25,28,1242,1474
2023-10-24 09:34:19,26,28,1242,1474
2023-10-24 09:34:37,26,29,1242,1474
2023-10-24 09:34:48,27,29,1242,1474
2023-10-24 09:34:53,27,29,687,2029
2023-10-24 09:34:54,28,29,687,2029
2023-10-24 09:34:57,28,29,442,2584
2023-10-24 09:34:57,28,30,442,2584
2023-10-24 09:35:11,28,29,442,2584
2023-10-24 09:35:17,28,29,692,2834
2023-10-24 09:35:18,28,30,692,2834
2023-10-24 09:35:29,28,29,692,2834
2023-10-24 09:35:29,28,29,752,2894
2023-10-24 09:35:32,27,29,752,2894
2023-10-24 09:35:57,28,29,752,2894
2023-10-24 09:36:07,28,30,752,2894
2023-10-24 09:36:15,29,30,752,2894
2023-10-24 09:36:23,29,30,752,3144
2023-10-24 09:36:25,28,30,752,3204
2023-10-24 09:38:39,29,30,752,3204
2023-10-24 09:38:42,28,30,752,3204
2023-10-24 09:38:48,29,30,752,3204
2023-10-24 09:38:53,28,30,752,3204
2023-10-24 09:39:10,29,30,752,3204
2023-10-24 09:39:17,28,30,752,3204
2023-10-24 09:39:17,28,29,752,3204
2023-10-24 09:39:59,28,30,752,3262
2023-10-24 09:39:59,29,30,752,3262
2023-10-24 09:40:21,29,31,752,3262
2023-10-24 09:40:23,30,31,752,3262
2023-10-24 09:40:32,30,31,765,3275
2023-10-24 09:40:42,29,31,765,3275
2023-10-24 09:40:42,30,31,765,3275
2023-10-24 09:40:42,29,31,765,3275
2023-10-24 09:40:42,30,31,765,3275
2023-10-24 09:40:43,29,31,765,3275
2023-10-24 09:40:43,30,31,765,3275
2023-10-24 09:40:44,29,31,765,3275
2023-10-24 09:40:44,30,31,765,3275
2023-10-24 09:40:45,29,31,765,3275
2023-10-24 09:40:45,30,31,765,3275
2023-10-24 09:40:46,29,31,765,3275
2023-10-24 09:40:46,30,31,765,3275
2023-10-24 09:40:47,29,31,765,3275
2023-10-24 09:40:47,30,31,765,3275
2023-10-24 09:40:48,29,31,765,3275
2023-10-24 09:40:48,30,31,765,3275
2023-10-24 09:40:48,29,31,765,3275
2023-10-24 09:40:49,30,31,765,3275
2023-10-24 09:40:55,29,31,765,3275
2023-10-24 09:40:55,30,31,765,3275
2023-10-24 09:41:05,29,31,765,3275
2023-10-24 09:41:45,29,31,765,3475
2023-10-24 09:41:46,30,31,765,3475
2023-10-24 09:43:56,29,31,765,3475
2023-10-24 09:44:12,29,31,825,3535
2023-10-24 09:44:26,30,31,825,3535
2023-10-24 09:45:03,29,31,825,3535
2023-10-24 09:45:29,29,30,825,3535
2023-10-24 09:45:41,28,30,825,3535
2023-10-24 09:46:01,28,29,825,3535
2023-10-24 09:46:02,27,29,825,3535
2023-10-24 09:46:33,27,30,825,3535
2023-10-24 09:46:33,27,29,825,3535
2023-10-24 09:46:34,27,30,825,3535
2023-10-24 09:46:43,27,29,825,3535
2023-10-24 09:46:46,27,30,825,3535
2023-10-24 09:46:49,27,29,825,3535
2023-10-24 09:46:51,27,30,825,3535
2023-10-24 09:46:54,27,29,825,3535
2023-10-24 09:46:56,27,30,825,3535
2023-10-24 09:46:57,27,29,825,3535
2023-10-24 09:47:05,27,30,825,3535
2023-10-24 09:47:07,27,29,825,3535
2023-10-24 09:47:17,28,29,825,3535
2023-10-24 09:47:26,28,30,825,3535
2023-10-24 09:47:27,28,30,945,3655
2023-10-24 09:47:31,29,30,945,3655
2023-10-24 09:47:34,29,30,957,3667
2023-10-24 09:47:40,29,30,1005,3715
2023-10-24 09:47:42,29,30,1053,3763
2023-10-24 09:47:50,28,30,1053,3763
2023-10-24 09:47:51,29,30,1053,3763
2023-10-24 09:47:51,28,30,1053,3763
2023-10-24 09:47:56,29,30,1053,3763
2023-10-24 09:47:57,28,30,1053,3763
2023-10-24 09:48:04,28,29,1053,3763
2023-10-24 09:48:43,28,30,1053,3763
2023-10-24 09:49:18,28,29,1053,3763
2023-10-24 09:49:25,27,29,1133,3843
2023-10-24 09:49:29,27,28,1133,3843
2023-10-24 09:49:38,26,28,1133,3843
2023-10-24 09:49:41,26,27,1133,3843
2023-10-24 09:50:01,26,27,1150,3860
2023-10-24 09:50:03,26,27,1162,3872
2023-10-24 09:50:05,26,27,1178,3888
2023-10-24 09:50:07,26,27,1191,3901
2023-10-24 09:50:08,25,27,1191,3901
2023-10-24 09:50:11,25,27,1203,3913
2023-10-24 09:50:11,25,26,1203,3913
2023-10-24 09:50:12,25,26,1218,3928
2023-10-24 09:50:14,25,26,1235,3945
2023-10-24 09:50:15,25,27,1235,3945
2023-10-24 09:50:19,26,27,1235,3945
2023-10-24 09:50:19,26,27,1273,3983
2023-10-24 09:50:23,26,27,1290,4000
2023-10-24 09:50:25,26,27,1303,4013
2023-10-24 09:50:27,25,27,1303,4013
2023-10-24 09:50:27,25,27,1319,4029
2023-10-24 09:50:28,25,26,1319,4029
2023-10-24 09:50:36,25,26,1426,4136
2023-10-24 09:50:37,24,26,1426,4136
2023-10-24 09:50:40,25,26,1426,4136
2023-10-24 09:50:40,25,26,1606,4316
2023-10-24 09:50:57,25,27,1606,4316
2023-10-24 09:50:58,26,27,1606,4316
2023-10-24 09:51:12,26,27,1606,4516
2023-10-24 09:51:12,24,27,1606,4516
2023-10-24 09:51:12,25,27,1606,4516
2023-10-24 09:51:12,25,26,1606,4516
2023-10-24 09:51:25,24,26,1606,4516
2023-10-24 09:51:25,24,27,1606,4516
2023-10-24 09:51:25,24,25,1606,4516
2023-10-24 09:51:34,24,27,1606,4516
2023-10-24 09:51:34,24,26,1606,4516
2023-10-24 09:51:34,25,26,1606,4516
2023-10-24 09:51:36,24,26,1606,4516
2023-10-24 09:51:51,25,26,1606,4516
2023-10-24 09:51:52,25,28,1606,4516
2023-10-24 09:51:52,25,27,1606,4516
2023-10-24 09:51:56,26,27,1606,4516
2023-10-24 09:51:58,25,27,1606,4516
2023-10-24 09:52:04,26,27,1606,4516
2023-10-24 09:52:09,26,28,1546,4576
2023-10-24 09:52:11,27,28,1546,4576
2023-10-24 09:52:33,26,28,1546,4576
2023-10-24 09:52:47,27,28,1546,4576
2023-10-24 09:53:23,27,29,1546,4576
2023-10-24 09:53:33,28,29,1546,4576
2023-10-24 09:54:22,27,29,1546,4576
2023-10-24 09:54:23,28,29,1546,4576
2023-10-24 09:54:31,27,29,1546,4576
2023-10-24 09:54:35,28,29,1546,4576
2023-10-24 09:54:37,27,29,1546,4576
2023-10-24 09:54:39,28,29,1546,4576
2023-10-24 09:55:17,27,29,1546,4576
2023-10-24 09:55:30,28,29,1546,4576
2023-10-24 09:56:44,29,30,1546,4776
2023-10-24 09:57:36,29,31,1546,4776
2023-10-24 09:58:12,30,31,1546,4776
2023-10-24 09:58:21,30,32,1546,4776
2023-10-24 09:58:40,31,32,1546,4776
2023-10-24 09:58:52,31,32,1547,4777
2023-10-24 10:00:05,32,33,1563,4793
2023-10-24 10:00:12,31,33,1563,4793
2023-10-24 10:00:18,31,32,1563,4793
2023-10-24 10:00:43,32,33,1567,4797
2023-10-24 10:00:44,31,33,1567,4797
2023-10-24 10:00:44,32,33,1567,4797
2023-10-24 10:01:24,32,33,1582,4812
2023-10-24 10:02:06,31,33,1582,4812
2023-10-24 10:03:09,30,33,1582,4812
2023-10-24 10:03:09,30,32,1582,4812
2023-10-24 10:03:27,30,31,1582,4812
2023-10-24 10:03:32,29,31,1582,4812
2023-10-24 10:03:40,30,31,1582,4812
2023-10-24 10:03:41,29,31,1582,4812
2023-10-24 10:04:19,29,30,1582,4812
2023-10-24 10:05:01,29,31,1582,4812
2023-10-24 10:05:40,29,32,1582,4812
2023-10-24 10:05:41,30,32,1582,4812
2023-10-24 10:05:48,31,32,1582,4812
2023-10-24 10:05:53,30,32,1582,4812
2023-10-24 10:05:53,31,32,1582,4812
2023-10-24 10:06:02,30,32,1582,4812
2023-10-24 10:06:04,31,32,1582,4812
2023-10-24 10:06:04,30,32,1582,4812
2023-10-24 10:06:06,31,32,1582,4812
2023-10-24 10:06:07,30,32,1582,4812
2023-10-24 10:06:53,31,32,1582,4812
2023-10-24 10:06:58,31,33,1582,4812
2023-10-24 10:08:13,32,33,1582,4812
2023-10-24 10:08:29,32,33,1584,4814
2023-10-24 10:09:33,33,34,1589,4819
2023-10-24 10:09:41,34,35,2391,5919
2023-10-24 10:10:41,34,35,2641,6169
2023-10-24 10:11:11,34,35,2891,6419
2023-10-24 10:13:50,34,35,2911,6439
2023-10-24 10:15:13,34,35,2931,6459
2023-10-24 10:17:28,34,35,3091,6639
2023-10-24 10:18:13,34,35,3091,6659
2023-10-24 10:18:14,33,35,3091,6659
2023-10-24 10:18:14,33,34,3091,6659
2023-10-24 10:18:20,33,34,3091,6759
2023-10-24 10:18:22,33,34,3091,6839
2023-10-24 10:18:24,33,34,3091,6879
2023-10-24 10:19:14,33,34,3091,7023
2023-10-24 10:19:16,33,34,3091,7033
2023-10-24 10:19:30,31,34,3091,7033
2023-10-24 10:19:30,32,34,3091,7033
2023-10-24 10:19:30,32,33,3091,7033
2023-10-24 10:19:52,32,33,3091,7053
2023-10-24 10:19:54,32,33,3091,7073
2023-10-24 10:19:56,31,33,3091,7119
2023-10-24 10:19:56,31,32,3091,7119
2023-10-24 10:19:57,31,33,3091,7119
2023-10-24 10:19:57,31,32,3091,7119
2023-10-24 10:20:08,31,33,3091,7119
2023-10-24 10:20:10,31,32,3091,7119
2023-10-24 10:20:13,31,33,3091,7119
2023-10-24 10:20:38,31,32,3091,7119
2023-10-24 10:21:52,31,33,3091,7119
2023-10-24 10:22:13,32,33,3091,7119
2023-10-24 10:22:57,33,34,3091,7139
2023-10-24 10:23:01,33,35,3091,7139
2023-10-24 10:23:21,34,35,3091,7139
2023-10-24 10:23:21,34,35,3107,7155
2023-10-24 10:23:23,34,35,3126,7174
2023-10-24 10:24:01,35,36,3126,7184
2023-10-24 10:24:51,36,37,3126,7214
2023-10-24 10:25:07,35,37,3126,7214
2023-10-24 10:25:09,35,36,3126,7214
2023-10-24 10:25:45,35,37,3126,7214
2023-10-24 10:25:46,36,37,3126,7214
2023-10-24 10:28:43,37,38,3126,7314
2023-10-24 10:28:44,36,38,3126,7314
2023-10-24 10:29:47,37,38,3126,7314
2023-10-24 10:29:52,37,38,3136,7324
2023-10-24 10:30:21,37,38,3194,7524
2023-10-24 10:30:34,38,39,3244,7574
2023-10-24 10:32:24,38,39,3444,7774
2023-10-24 10:33:46,38,39,3644,7974
2023-10-24 10:34:20,39,40,3744,8074
2023-10-24 10:34:21,38,40,3744,8074
2023-10-24 10:34:27,39,40,3744,8074
2023-10-24 10:38:25,39,40,3944,8274
2023-10-24 10:38:31,39,40,3956,8286
2023-10-24 10:38:43,38,39,4356,8686
2023-10-24 10:38:58,38,39,4556,8886
2023-10-24 10:40:00,38,39,4756,9086
2023-10-24 10:40:03,38,40,4956,9286
2023-10-24 10:40:03,39,40,4956,9286
2023-10-24 10:40:03,39,41,4956,9286
2023-10-24 10:40:10,40,41,4956,9286
2023-10-24 10:40:12,40,41,4966,9296
2023-10-24 10:40:35,40,41,5216,9546
2023-10-24 10:41:52,40,41,5366,9796
2023-10-24 10:41:53,39,41,5366,9796
2023-10-24 10:42:26,40,41,5366,9796
2023-10-24 10:42:56,39,41,5366,9796
2023-10-24 10:42:57,40,41,5366,9796
2023-10-24 10:43:08,39,41,5366,9796
2023-10-24 10:43:18,39,40,5366,9796
2023-10-24 10:43:19,39,41,5366,9796
2023-10-24 10:43:35,40,41,5366,9796
2023-10-24 10:43:39,39,41,5366,9796
2023-10-24 10:44:31,40,41,5366,9796
2023-10-24 10:44:35,39,40,5540,9970
2023-10-24 10:46:17,38,40,5540,9970
2023-10-24 10:46:30,39,40,5540,9970
2023-10-24 10:46:40,38,40,5540,9970
2023-10-24 10:46:40,39,40,5540,9970
2023-10-24 10:47:17,38,40,5540,9970
2023-10-24 10:47:18,39,40,5540,9970
2023-10-24 10:47:31,38,40,5540,9970
2023-10-24 10:47:46,39,40,5540,9970
2023-10-24 10:48:03,38,40,5540,9970
2023-10-24 10:48:04,39,40,5540,9970
2023-10-24 10:48:10,38,40,5540,9970
2023-10-24 10:48:13,37,40,5540,9970
2023-10-24 10:48:17,38,40,5540,9970
2023-10-24 10:48:29,39,40,5540,9970
2023-10-24 10:48:44,38,40,5540,9970
2023-10-24 10:48:49,39,40,5540,9970
2023-10-24 10:48:51,38,40,5540,9970
2023-10-24 10:48:51,39,40,5540,9970
2023-10-24 10:48:51,38,40,5540,9970
2023-10-24 10:49:09,39,40,5540,9970
2023-10-24 10:49:10,38,40,5540,9970
2023-10-24 10:49:11,39,40,5540,9970
2023-10-24 10:49:13,38,40,5540,9970
2023-10-24 10:49:14,39,40,5540,9970
2023-10-24 10:49:52,38,40,5540,9970
2023-10-24 10:49:57,39,40,5540,9970
2023-10-24 10:50:08,38,40,5540,9970
2023-10-24 10:50:17,39,40,5540,9970
2023-10-24 10:50:18,38,40,5540,9970
2023-10-24 10:50:30,39,40,5540,9970
2023-10-24 10:50:34,38,40,5540,9970
2023-10-24 10:50:34,39,40,5540,9970
2023-10-24 10:50:34,38,40,5540,9970
2023-10-24 10:50:35,39,40,5540,9970
2023-10-24 10:50:36,38,40,5540,9970
2023-10-24 10:50:36,39,40,5540,9970
2023-10-24 10:50:36,38,40,5540,9970
2023-10-24 10:50:37,39,40,5540,9970
2023-10-24 10:50:37,38,40,5540,9970
2023-10-24 10:50:37,39,40,5540,9970
2023-10-24 10:50:37,38,40,5540,9970
2023-10-24 10:50:38,39,40,5540,9970
2023-10-24 10:51:15,38,40,5540,9970
2023-10-24 10:51:15,39,40,5540,9970
2023-10-24 10:51:16,38,40,5540,9970
2023-10-24 10:51:16,39,40,5540,9970
2023-10-24 10:51:55,38,40,5540,9970
2023-10-24 10:51:55,39,40,5540,9970
2023-10-24 10:51:56,38,40,5540,9970
2023-10-24 10:51:56,39,40,5540,9970
2023-10-24 10:52:05,38,40,5540,9970
2023-10-24 10:52:05,39,40,5540,9970
2023-10-24 10:52:42,38,40,5540,9970
2023-10-24 10:52:42,39,40,5540,9970
2023-10-24 10:53:26,39,40,5590,10020
2023-10-24 10:53:27,39,41,5616,10046
2023-10-24 10:53:27,40,41,5616,10046
2023-10-24 10:53:39,39,41,5616,10046
2023-10-24 10:53:39,40,41,5616,10046
2023-10-24 10:53:52,39,41,5616,10046
2023-10-24 10:53:52,40,41,5616,10046
2023-10-24 10:54:21,39,41,5616,10046
2023-10-24 10:54:22,40,41,5616,10046
2023-10-24 10:55:23,40,41,5716,10146
2023-10-24 10:55:25,39,41,5716,10146
2023-10-24 10:55:26,40,41,5716,10146
2023-10-24 10:55:55,39,41,5716,10146
2023-10-24 10:55:56,40,41,5716,10146
2023-10-24 10:55:56,39,41,5716,10146
2023-10-24 10:55:57,40,41,5716,10146
2023-10-24 10:55:57,39,41,5716,10146
2023-10-24 10:55:57,40,41,5716,10146
2023-10-24 10:56:06,39,41,5716,10146
2023-10-24 10:56:07,40,41,5716,10146
2023-10-24 10:56:35,39,41,5716,10146
2023-10-24 10:56:36,40,41,5716,10146
2023-10-24 10:56:38,40,41,5816,10246
2023-10-24 10:57:10,39,41,5816,10246
2023-10-24 10:57:11,40,41,5816,10246
2023-10-24 10:57:11,39,41,5816,10246
2023-10-24 10:57:11,40,41,5816,10246
2023-10-24 10:57:16,40,41,5866,10296
2023-10-24 10:57:37,40,41,6066,10496
2023-10-24 10:57:39,39,41,6100,10530
2023-10-24 10:57:39,40,41,6100,10530
2023-10-24 10:57:40,39,41,6100,10530
2023-10-24 10:57:40,40,41,6100,10530
2023-10-24 10:58:11,40,41,6119,10549
2023-10-24 10:58:15,39,41,6119,10549
2023-10-24 10:58:16,40,41,6119,10549
2023-10-24 10:58:16,39,41,6119,10549
2023-10-24 10:58:16,40,41,6119,10549
2023-10-24 10:58:33,39,41,6119,10549
2023-10-24 10:58:33,40,41,6119,10549
2023-10-24 10:59:33,39,41,6119,10549
2023-10-24 11:00:12,40,41,6119,10549
2023-10-24 11:00:13,39,41,6119,10549
2023-10-24 11:00:13,40,41,6119,10549
2023-10-24 11:00:16,39,41,6119,10549
2023-10-24 11:00:16,40,41,6119,10549
2023-10-24 11:00:27,40,41,6169,10599
2023-10-24 11:00:40,39,41,6169,10599
2023-10-24 11:00:50,39,41,6589,11019
2023-10-24 11:00:51,39,40,6589,11019
2023-10-24 11:00:52,39,40,6656,11086
2023-10-24 11:00:52,39,40,6846,11276
2023-10-24 11:00:54,38,40,6900,11330
2023-10-24 11:00:54,39,40,6900,11330
2023-10-24 11:00:55,39,40,7158,11588
2023-10-24 11:00:56,38,40,7158,11588
2023-10-24 11:00:57,38,40,7263,11693
2023-10-24 11:01:10,38,39,7263,11693
2023-10-24 11:01:42,38,41,7035,11921
2023-10-24 11:01:42,38,40,7035,11921
2023-10-24 11:02:50,37,40,7035,11921
2023-10-24 11:02:50,38,40,7035,11921
2023-10-24 11:03:03,37,40,7035,11921
2023-10-24 11:03:03,38,40,7035,11921
2023-10-24 11:03:03,37,40,7035,11921
2023-10-24 11:03:03,38,40,7035,11921
2023-10-24 11:03:04,37,40,7035,11921
2023-10-24 11:03:04,38,40,7035,11921
2023-10-24 11:03:56,37,40,7035,11921
2023-10-24 11:03:56,38,40,7035,11921
2023-10-24 11:04:12,37,40,7035,11921
2023-10-24 11:04:12,38,40,7035,11921
2023-10-24 11:04:21,39,40,7035,11921
2023-10-24 11:04:34,38,40,7035,11921
2023-10-24 11:04:37,39,40,7035,11921
2023-10-24 11:04:38,38,40,7035,11921
2023-10-24 11:04:38,39,40,7035,11921
2023-10-24 11:04:42,39,41,7035,11921
2023-10-24 11:05:16,38,41,7035,11921
2023-10-24 11:05:16,39,41,7035,11921
2023-10-24 11:05:17,38,41,7035,11921
2023-10-24 11:05:17,39,41,7035,11921
2023-10-24 11:05:28,38,41,7035,11921
2023-10-24 11:05:28,39,41,7035,11921
2023-10-24 11:06:21,39,40,7035,11921
2023-10-24 11:06:32,39,41,7035,11921
2023-10-24 11:06:32,39,40,7035,11921
2023-10-24 11:06:47,39,41,7035,11921
2023-10-24 11:07:22,40,41,7035,11921
2023-10-24 11:07:29,39,41,7035,11921
2023-10-24 11:07:30,40,41,7035,11921
2023-10-24 11:07:43,39,41,7035,11921
2023-10-24 11:07:43,40,41,7035,11921
2023-10-24 11:07:43,39,41,7035,11921
2023-10-24 11:07:57,39,40,7035,11921
2023-10-24 11:08:32,38,40,7035,11921
2023-10-24 11:08:39,38,41,6887,12069
2023-10-24 11:08:40,38,40,6887,12069
2023-10-24 11:08:43,38,41,6887,12069
2023-10-24 11:08:44,39,41,6887,12069
2023-10-24 11:08:50,38,41,6887,12069
2023-10-24 11:08:50,39,41,6887,12069
2023-10-24 11:09:20,38,41,6887,12069
2023-10-24 11:09:21,40,41,6887,12069
2023-10-24 11:09:21,38,41,6887,12069
2023-10-24 11:09:21,39,41,6887,12069
2023-10-24 11:09:41,38,41,6887,12069
2023-10-24 11:09:41,39,41,6887,12069
2023-10-24 11:10:24,39,41,6957,12139
2023-10-24 11:10:37,38,41,6957,12139
2023-10-24 11:10:39,38,40,6957,12139
2023-10-24 11:12:01,38,41,6957,12189
2023-10-24 11:12:39,38,40,6957,12189
2023-10-24 11:13:59,37,40,6957,12189
2023-10-24 11:14:30,38,40,6957,12189
2023-10-24 11:14:34,37,40,6957,12189
2023-10-24 11:14:34,38,40,6957,12189
2023-10-24 11:14:54,37,40,6957,12189
2023-10-24 11:14:54,38,40,6957,12189
2023-10-24 11:15:08,39,40,6957,12189
2023-10-24 11:15:24,39,41,6961,12739
2023-10-24 11:15:24,40,41,6961,12739
2023-10-24 11:15:38,39,41,6961,12739
2023-10-24 11:16:53,39,40,6961,12739
2023-10-24 11:21:06,39,40,6961,12754
2023-10-24 11:21:12,37,40,6961,12754
2023-10-24 11:21:12,37,39,6961,12754
2023-10-24 11:21:12,38,39,6961,12754
2023-10-24 11:21:46,37,39,6961,12754
2023-10-24 11:21:46,36,39,6961,12754
2023-10-24 11:21:46,37,39,6961,12754
2023-10-24 11:21:46,37,38,6961,12754
2023-10-24 11:21:47,37,39,6961,12754
2023-10-24 11:21:47,37,38,6961,12754
2023-10-24 11:21:47,37,38,6961,12774
2023-10-24 11:21:47,37,38,6961,12834
2023-10-24 11:21:47,36,38,6961,12834
2023-10-24 11:21:47,35,38,6961,12834
2023-10-24 11:21:47,35,37,6961,12834
2023-10-24 11:21:48,35,38,6961,12834
2023-10-24 11:21:48,36,38,6961,12834
2023-10-24 11:21:49,36,38,6961,13024
2023-10-24 11:21:51,36,37,6961,13024
2023-10-24 11:21:55,36,38,6961,13024
2023-10-24 11:21:56,36,37,6961,13024
2023-10-24 11:22:02,36,38,6961,13024
2023-10-24 11:22:02,36,37,6961,13024
2023-10-24 11:22:19,36,38,6961,13024
2023-10-24 11:22:19,36,37,6961,13024
2023-10-24 11:22:24,36,37,6961,13042
2023-10-24 11:22:26,36,37,6961,13058
2023-10-24 11:22:38,35,37,6780,13258
2023-10-24 11:22:51,36,37,6780,13258
2023-10-24 11:23:04,36,39,6780,13258
2023-10-24 11:23:04,36,38,6780,13258
2023-10-24 11:23:08,37,38,6780,13258
2023-10-24 11:23:10,36,38,6780,13258
2023-10-24 11:23:11,36,37,6780,13258
2023-10-24 11:23:39,36,39,6780,13277
2023-10-24 11:23:39,37,39,6780,13277
2023-10-24 11:24:13,37,38,6780,13277
2023-10-24 11:24:14,37,39,6780,13277
2023-10-24 11:24:18,36,39,6780,13277
2023-10-24 11:24:18,37,39,6780,13277
2023-10-24 11:24:32,36,39,6780,13277
2023-10-24 11:24:32,37,39,6780,13277
2023-10-24 11:24:32,36,39,6780,13277
2023-10-24 11:24:33,37,39,6780,13277
2023-10-24 11:25:43,38,39,6780,13277
2023-10-24 11:25:55,37,39,6780,13277
2023-10-24 11:25:55,38,39,6780,13277
2023-10-24 11:26:21,37,39,6780,13277
2023-10-24 11:26:37,38,39,6780,13277
2023-10-24 11:27:21,37,39,6780,13277
2023-10-24 11:27:29,38,39,6780,13277
2023-10-24 11:28:49,37,39,6780,13277
2023-10-24 11:28:49,38,39,6780,13277
2023-10-24 11:28:54,37,39,6780,13277
2023-10-24 11:28:54,38,39,6780,13277
2023-10-24 11:28:57,37,39,6780,13277
2023-10-24 11:28:57,38,39,6780,13277
2023-10-24 11:28:58,37,39,6780,13277
2023-10-24 11:28:59,38,39,6780,13277
2023-10-24 11:29:00,37,39,6780,13277
2023-10-24 11:29:05,38,39,6780,13277
2023-10-24 11:29:05,37,39,6780,13277
2023-10-24 11:29:42,36,39,6780,13277
2023-10-24 11:29:42,36,38,6780,13277
2023-10-24 11:29:50,36,39,6780,13277
2023-10-24 11:29:52,37,39,6780,13277
2023-10-24 11:29:52,37,38,6780,13277
2023-10-24 11:29:52,37,39,6780,13277
2023-10-24 11:29:53,37,38,6780,13277
2023-10-24 11:29:54,36,38,6780,13277
2023-10-24 11:29:54,36,39,6780,13277
2023-10-24 11:29:54,36,38,6780,13277
2023-10-24 11:29:54,37,38,6780,13277
2023-10-24 11:29:55,36,38,6780,13277
2023-10-24 11:30:10,36,39,6780,13277
2023-10-24 11:30:11,36,38,6780,13277
2023-10-24 11:30:13,35,38,6780,13277
2023-10-24 11:30:14,36,38,6780,13277
2023-10-24 11:30:43,35,38,6780,13277
2023-10-24 11:30:43,36,38,6780,13277
2023-10-24 11:30:45,36,37,6780,13277
2023-10-24 11:30:45,35,37,6780,13277
2023-10-24 11:31:32,36,37,6780,13277
2023-10-24 11:31:36,36,38,6780,13277
2023-10-24 11:31:36,36,37,6780,13277
2023-10-24 11:31:40,36,38,6780,13277
2023-10-24 11:31:56,36,37,6780,13277
2023-10-24 11:31:57,36,38,6780,13277
2023-10-24 11:31:59,35,38,6780,13277
2023-10-24 11:32:00,36,38,6780,13277
2023-10-24 11:32:04,36,37,6780,13277
2023-10-24 11:32:09,35,37,6780,13277
2023-10-24 11:32:12,36,37,6780,13277
2023-10-24 11:32:23,35,37,6780,13277
2023-10-24 11:32:27,36,37,6780,13277
2023-10-24 11:32:34,35,37,6780,13277
2023-10-24 11:32:42,36,37,6780,13277
2023-10-24 11:32:43,35,37,6780,13277
2023-10-24 11:32:51,34,37,6780,13277
2023-10-24 11:32:54,35,37,6780,13277
2023-10-24 11:32:55,35,36,6780,13277
2023-10-24 11:32:55,34,36,6780,13277
2023-10-24 11:32:57,35,36,6780,13277
2023-10-24 11:33:00,35,37,6780,13277
2023-10-24 11:33:09,35,36,6780,13277
2023-10-24 11:33:20,35,38,6930,13427
2023-10-24 11:33:21,36,38,6930,13427
2023-10-24 11:33:27,35,38,6930,13427
2023-10-24 11:33:28,36,38,6930,13427
2023-10-24 11:33:29,36,39,6930,13427
2023-10-24 11:33:39,36,38,6930,13427
2023-10-24 11:34:12,36,39,6930,13427
2023-10-24 11:34:20,36,37,6930,13427
2023-10-24 11:34:26,36,39,7130,13627
2023-10-24 11:35:00,36,38,7130,13627
2023-10-24 11:35:01,35,38,7130,13627
2023-10-24 11:35:46,35,37,7130,13627
2023-10-24 11:35:48,34,37,7130,13627
2023-10-24 11:35:57,34,36,7130,13627
2023-10-24 11:35:59,33,36,7130,13627
2023-10-24 11:36:43,33,35,7130,13627
2023-10-24 11:36:43,32,35,7130,13627
2023-10-24 11:36:57,33,35,7130,13627
2023-10-24 11:37:10,33,36,7130,13627
2023-10-24 11:37:14,32,36,7130,13627
2023-10-24 11:37:14,32,35,7130,13627
2023-10-24 11:37:34,33,35,7130,13627
2023-10-24 11:37:34,33,36,7130,13627
2023-10-24 11:38:08,34,36,7130,13627
2023-10-24 11:38:08,34,37,7130,13627
2023-10-24 11:38:21,34,36,7130,13627
2023-10-24 11:38:25,33,36,7130,13627
2023-10-24 11:38:32,33,37,7630,14127
2023-10-24 11:38:32,34,37,7630,14127
2023-10-24 11:38:32,34,36,7630,14127
2023-10-24 11:38:50,33,36,7630,14127
2023-10-24 11:38:50,35,36,7630,14127
2023-10-24 11:38:50,35,36,7630,14187
2023-10-24 11:38:52,35,37,7630,14187
2023-10-24 11:39:08,35,36,7630,14187
2023-10-24 11:39:15,33,36,7630,14187
2023-10-24 11:39:15,33,35,7630,14187
2023-10-24 11:39:15,34,35,7630,14187
2023-10-24 11:39:24,34,35,7430,14387
2023-10-24 11:39:24,32,35,7430,14387
2023-10-24 11:39:24,33,35,7430,14387
2023-10-24 11:39:27,33,34,7430,14387
2023-10-24 11:39:39,33,34,7230,14587
2023-10-24 11:39:39,32,34,7230,14587
2023-10-24 11:39:41,33,34,7230,14587
2023-10-24 11:40:00,33,35,7230,14587
2023-10-24 11:40:05,33,34,7230,14587
2023-10-24 11:40:10,33,35,7230,14587
2023-10-24 11:40:24,32,35,7230,14587
2023-10-24 11:40:24,34,35,7230,14587
2023-10-24 11:40:52,34,37,7326,14683
2023-10-24 11:40:52,35,37,7326,14683
2023-10-24 11:40:58,36,37,7326,14683
2023-10-24 11:41:23,35,37,7326,14683
2023-10-24 11:41:25,35,36,7326,14683
2023-10-24 11:41:36,34,35,7286,14723
2023-10-24 11:41:41,33,35,7286,14723
2023-10-24 11:41:51,33,34,7286,14723
2023-10-24 11:41:57,32,34,7286,14723
2023-10-24 11:42:08,32,33,7286,14723
2023-10-24 11:42:16,32,34,7286,14723
2023-10-24 11:42:53,32,35,7286,14723
2023-10-24 11:42:54,33,35,7286,14723
2023-10-24 11:43:39,33,36,7286,14723
2023-10-24 11:43:47,34,36,7286,14723
2023-10-24 11:43:47,34,37,7286,14723
2023-10-24 11:43:50,34,36,7286,14723
2023-10-24 11:43:55,34,37,7286,14723
2023-10-24 11:44:07,34,38,7786,15423
2023-10-24 11:44:07,35,38,7786,15423
2023-10-24 11:44:07,36,38,7786,15423
2023-10-24 11:44:07,36,37,7786,15423
2023-10-24 11:44:14,35,37,7786,15423
2023-10-24 11:44:28,36,37,7786,15423
2023-10-24 11:45:01,36,37,7586,15623
2023-10-24 11:45:01,34,37,7586,15623
2023-10-24 11:45:01,35,37,7586,15623
2023-10-24 11:45:07,35,36,7586,15623
2023-10-24 11:45:09,35,37,7586,15623
2023-10-24 11:45:14,34,37,7586,15623
2023-10-24 11:45:14,36,37,7586,15623
2023-10-24 11:45:17,36,37,7386,15823
2023-10-24 11:45:17,34,37,7386,15823
2023-10-24 11:45:17,35,37,7386,15823
2023-10-24 11:45:22,35,36,7386,15823
2023-10-24 11:45:24,35,37,7386,15823
2023-10-24 11:45:37,36,37,7386,15823
2023-10-24 11:45:46,36,38,7386,15823
2023-10-24 11:45:54,37,38,7386,15823
2023-10-24 11:46:22,37,39,7386,15823
2023-10-24 11:46:42,38,39,7386,15823
2023-10-24 11:47:31,39,40,7424,15861
2023-10-24 11:47:48,39,41,7424,15861
2023-10-24 11:47:50,40,41,7424,15861
2023-10-24 11:47:56,41,42,7954,16991
2023-10-24 11:48:25,41,43,7954,16991
2023-10-24 11:48:36,42,43,7954,16991
2023-10-24 11:48:36,43,44,7984,17711
2023-10-24 11:48:36,43,44,8000,17727
2023-10-24 11:48:38,43,44,8016,17743
2023-10-24 11:48:40,42,44,8016,17823
2023-10-24 11:48:40,42,43,8016,17823
2023-10-24 11:48:41,42,43,8006,18073
2023-10-24 11:48:42,41,43,8006,18073
2023-10-24 11:48:42,42,43,8006,18073
2023-10-24 11:48:46,41,43,8006,18073
2023-10-24 11:48:50,42,43,8006,18073
2023-10-24 11:49:26,43,44,8122,18189
2023-10-24 11:49:29,42,44,8122,18273
2023-10-24 11:49:39,42,43,8122,18273
2023-10-24 11:49:43,42,43,8122,18323
2023-10-24 11:49:43,42,43,8122,18373
2023-10-24 11:49:44,41,43,8122,18373
2023-10-24 11:49:44,41,42,8122,18373
2023-10-24 11:49:52,41,42,8122,18573
2023-10-24 11:50:07,42,43,8241,18734
2023-10-24 11:50:07,41,43,8280,18773
2023-10-24 11:50:07,41,42,8280,18773
2023-10-24 11:50:13,41,42,8280,18973
2023-10-24 11:50:15,42,43,8280,18989
2023-10-24 11:50:34,42,43,8280,19239
2023-10-24 11:50:41,42,43,8280,19489
2023-10-24 11:51:17,42,43,8280,20089
2023-10-24 11:51:17,42,43,8290,20099
2023-10-24 11:51:18,42,43,8290,20349
2023-10-24 11:51:20,42,43,8290,20549
2023-10-24 11:51:20,42,43,8290,20599
2023-10-24 11:51:20,42,43,8290,20649
2023-10-24 11:51:21,42,43,8290,20849
2023-10-24 11:51:21,42,43,8290,20899
2023-10-24 11:51:21,42,43,8290,20949
2023-10-24 11:51:21,40,43,8290,20973
2023-10-24 11:51:21,40,42,8290,20973
2023-10-24 11:51:26,40,43,8290,20973
2023-10-24 11:51:26,40,42,8290,20973
2023-10-24 11:51:26,40,41,8290,20973
2023-10-24 11:51:29,39,41,8290,20973
2023-10-24 11:51:29,39,40,8290,20973
2023-10-24 11:51:32,39,40,8290,21173
2023-10-24 11:51:33,40,42,8310,21210
2023-10-24 11:51:33,40,41,8310,21210
2023-10-24 11:51:43,41,42,8330,21372
2023-10-24 11:51:50,42,43,8510,21729
2023-10-24 11:51:50,42,43,8690,21909
2023-10-24 11:51:55,42,43,8830,22049
2023-10-24 11:52:13,42,43,9030,22249
2023-10-24 11:52:15,42,43,9030,22449
2023-10-24 11:52:15,42,43,9087,22506
2023-10-24 11:52:16,42,43,9087,22706
2023-10-24 11:52:16,42,43,9097,22716
2023-10-24 11:52:17,42,43,9134,22753
2023-10-24 11:52:17,42,43,9195,22953
2023-10-24 11:52:17,42,43,9195,23003
2023-10-24 11:52:17,42,43,9195,23053
2023-10-24 11:52:17,42,43,9195,23103
2023-10-24 11:52:18,42,43,9195,23153
2023-10-24 11:52:19,42,43,9395,23353
2023-10-24 11:52:19,40,43,9395,23372
2023-10-24 11:52:19,40,42,9395,23372
2023-10-24 11:53:09,40,41,9395,23372
2023-10-24 11:53:19,40,41,9215,23572
2023-10-24 11:53:19,40,43,9215,23572
2023-10-24 11:53:19,40,42,9215,23572
2023-10-24 11:53:20,41,42,9215,23572
2023-10-24 11:53:33,41,42,9154,23772
2023-10-24 11:53:33,41,43,9154,23772
2023-10-24 11:53:43,42,43,9154,23772
2023-10-24 11:53:43,42,43,9154,23872
2023-10-24 11:53:51,42,44,9154,23872
2023-10-24 11:53:57,43,44,9154,23872
2023-10-24 11:53:57,42,44,9354,24072
2023-10-24 11:54:09,43,44,9354,24072
2023-10-24 11:54:17,43,44,9404,24122
2023-10-24 11:54:33,43,45,9404,24122
2023-10-24 11:54:59,44,45,9404,24122
2023-10-24 11:54:59,44,45,9415,24133
2023-10-24 11:55:04,43,45,9415,24133
2023-10-24 11:55:19,43,44,9415,24133
2023-10-24 11:55:45,42,44,9415,24133
2023-10-24 11:55:48,42,43,9415,24133
2023-10-24 11:55:49,42,44,9415,24133
2023-10-24 11:56:06,42,43,9415,24133
2023-10-24 11:56:07,42,44,9415,24133
2023-10-24 11:56:08,42,43,9415,24133
2023-10-24 11:56:35,42,44,9415,24133
2023-10-24 11:56:51,43,44,9415,24133
2023-10-24 11:57:03,42,44,9415,24133
2023-10-24 11:57:07,42,43,9415,24133
2023-10-24 11:57:10,42,44,9415,24133
2023-10-24 11:57:13,43,44,9415,24133
2023-10-24 11:57:18,42,44,9415,24133
2023-10-24 11:57:19,42,43,9415,24133
2023-10-24 11:57:54,43,44,9415,24385
2023-10-24 11:59:00,44,45,9435,24405
2023-10-24 11:59:17,45,46,9520,24532
2023-10-24 11:59:43,46,47,9550,24762
2023-10-24 12:00:22,47,48,9580,24792
2023-10-24 12:00:33,48,49,9610,24822
2023-10-24 12:00:33,48,49,9633,24845
2023-10-24 12:00:53,49,50,9960,25575
2023-10-24 12:00:53,49,50,10160,25775
2023-10-24 12:00:54,49,50,10160,26025
2023-10-24 12:00:55,49,50,10170,26035
2023-10-24 12:00:57,48,50,10316,26236
2023-10-24 12:01:01,48,49,10316,26236
2023-10-24 12:01:05,48,50,10316,26236
2023-10-24 12:01:09,48,49,10316,26236
2023-10-24 12:01:10,47,49,10316,26236
2023-10-24 12:01:10,47,48,10316,26236
2023-10-24 12:01:11,47,49,10316,26236
2023-10-24 12:01:11,46,49,10316,26236
2023-10-24 12:01:11,46,48,10316,26236
2023-10-24 12:01:11,46,47,10316,26236
2023-10-24 12:01:11,46,48,10316,26236
2023-10-24 12:01:12,46,48,10316,26246
2023-10-24 12:01:41,45,48,10316,26246
2023-10-24 12:01:44,45,47,10316,26246
2023-10-24 12:01:56,45,48,10316,26246
2023-10-24 12:02:02,46,48,10316,26246
2023-10-24 12:02:12,46,48,10316,26256
2023-10-24 12:02:22,46,47,10316,26256
2023-10-24 12:02:22,45,47,10316,26256
2023-10-24 12:02:22,45,46,10316,26256
2023-10-24 12:02:24,45,46,10316,26296
2023-10-24 12:02:47,45,46,10316,26306
2023-10-24 12:04:19,45,46,10316,26346
2023-10-24 12:04:20,44,46,10316,26346
2023-10-24 12:04:34,45,46,10316,26346
2023-10-24 12:04:49,44,46,10316,26346
2023-10-24 12:04:49,44,45,10316,26346
2023-10-24 12:05:49,44,46,10316,26346
2023-10-24 12:05:50,44,45,10316,26346
2023-10-24 12:06:05,44,45,10319,26386
2023-10-24 12:06:06,43,45,10319,26386
2023-10-24 12:06:16,43,44,10319,26386
2023-10-24 12:06:35,43,45,10319,26386
2023-10-24 12:06:35,44,45,10319,26386
2023-10-24 12:07:10,44,46,10319,26386
2023-10-24 12:07:10,44,45,10319,26386
2023-10-24 12:07:51,43,45,10319,26386
2023-10-24 12:07:58,44,45,10319,26386
2023-10-24 12:08:10,43,45,10319,26386
2023-10-24 12:08:21,43,44,10319,26386
2023-10-24 12:08:21,42,44,10319,26386
2023-10-24 12:08:54,43,44,10319,26386
2023-10-24 12:09:24,43,45,10319,26386
2023-10-24 12:09:24,44,45,10319,26386
2023-10-24 12:09:54,42,45,10319,26386
2023-10-24 12:09:54,43,45,10319,26386
2023-10-24 12:09:54,43,44,10319,26386
2023-10-24 12:11:17,42,44,10319,26386
2023-10-24 12:11:17,42,43,10319,26386
2023-10-24 12:11:44,42,44,10319,26386
2023-10-24 12:11:44,42,43,10319,26386
2023-10-24 12:12:03,42,44,10319,26386
2023-10-24 12:12:03,43,44,10319,26386
2023-10-24 12:13:04,43,46,10319,26386
2023-10-24 12:13:04,43,45,10319,26386
2023-10-24 12:13:04,44,45,10319,26386
2023-10-24 12:14:02,42,45,10319,26386
2023-10-24 12:14:02,43,45,10319,26386
2023-10-24 12:14:02,43,44,10319,26386
2023-10-24 12:14:48,42,44,10319,26386
2023-10-24 12:14:48,42,43,10319,26386
2023-10-24 12:15:02,41,43,10319,26386
2023-10-24 12:15:02,41,42,10319,26386
2023-10-24 12:15:21,40,42,10319,26386
2023-10-24 12:15:21,40,41,10319,26386
2023-10-24 12:15:29,39,41,10319,26386
2023-10-24 12:15:29,39,40,10319,26386
2023-10-24 12:15:46,40,41,10467,26534
2023-10-24 12:16:18,40,41,11064,27134
2023-10-24 12:16:19,40,41,11464,27534
2023-10-24 12:16:23,40,41,11514,27584
2023-10-24 12:16:36,40,41,11564,27634
2023-10-24 12:16:38,40,41,11614,27684
2023-10-24 12:16:39,40,41,11814,27884
2023-10-24 12:16:39,40,41,11864,27934
2023-10-24 12:16:39,40,41,11877,27947
2023-10-24 12:16:39,40,41,11927,27997
2023-10-24 12:16:39,40,41,11977,28047
2023-10-24 12:16:40,38,40,12316,28386
2023-10-24 12:16:40,38,39,12316,28386
2023-10-24 12:17:17,39,40,12316,28561
2023-10-24 12:17:18,38,40,12316,28561
2023-10-24 12:17:18,38,39,12316,28561
2023-10-24 12:17:35,38,40,12316,28561
2023-10-24 12:17:35,38,39,12316,28561
2023-10-24 12:18:13,38,41,12316,28561
2023-10-24 12:18:13,38,40,12316,28561
2023-10-24 12:18:22,38,39,12316,28561
2023-10-24 12:18:28,38,40,12316,28561
2023-10-24 12:18:28,38,39,12316,28561
2023-10-24 12:18:28,38,40,12316,28561
2023-10-24 12:18:28,38,39,12316,28561
2023-10-24 12:18:51,38,40,12316,28561
2023-10-24 12:18:51,38,39,12316,28561
2023-10-24 12:19:16,37,39,12316,28561
2023-10-24 12:19:16,37,38,12316,28561
2023-10-24 12:19:30,36,38,12316,28561
2023-10-24 12:19:30,36,37,12316,28561
2023-10-24 12:19:37,35,37,12316,28561
2023-10-24 12:19:37,35,36,12316,28561
2023-10-24 12:20:01,35,37,12316,28561
2023-10-24 12:20:01,35,36,12316,28561
2023-10-24 12:20:14,35,37,12316,28561
2023-10-24 12:20:14,35,36,12316,28561
2023-10-24 12:20:18,34,36,12316,28561
2023-10-24 12:20:18,34,35,12316,28561
2023-10-24 12:20:31,33,35,12316,28561
2023-10-24 12:20:31,33,34,12316,28561
2023-10-24 12:20:34,32,34,12316,28561
2023-10-24 12:20:35,32,33,12316,28561
2023-10-24 12:21:05,31,33,12316,28561
2023-10-24 12:21:05,31,32,12316,28561
2023-10-24 12:21:17,31,33,12316,28561
2023-10-24 12:21:17,32,33,12316,28561
2023-10-24 12:21:25,32,34,12316,28561
2023-10-24 12:21:25,33,34,12316,28561
2023-10-24 12:21:30,32,34,12316,28561
2023-10-24 12:21:30,32,33,12316,28561
2023-10-24 12:21:33,32,34,12316,28561
2023-10-24 12:21:33,32,33,12316,28561
2023-10-24 12:23:43,32,33,12516,28761
2023-10-24 12:24:17,32,33,12566,28811
2023-10-24 12:24:18,32,33,12616,28861
2023-10-24 12:24:18,32,33,12666,28911
2023-10-24 12:24:19,32,33,12716,28961
2023-10-24 12:24:19,32,33,12766,29011
2023-10-24 12:24:19,32,33,12816,29061
2023-10-24 12:24:19,32,33,12866,29111
2023-10-24 12:24:21,32,33,12916,29161
2023-10-24 12:24:21,32,33,12966,29211
2023-10-24 12:24:22,32,33,13016,29261
2023-10-24 12:24:22,32,33,13066,29311
2023-10-24 12:24:23,32,33,13266,29511
2023-10-24 12:24:23,32,33,13316,29561
2023-10-24 12:24:23,32,33,13366,29611
2023-10-24 12:24:24,32,33,13566,29811
2023-10-24 12:24:24,32,33,13616,29861
2023-10-24 12:24:24,32,33,13666,29911
2023-10-24 12:24:24,32,33,13716,29961
2023-10-24 12:24:24,32,33,13766,30011
2023-10-24 12:24:30,32,33,13816,30061
2023-10-24 12:24:32,32,33,13866,30111
2023-10-24 12:24:33,32,33,13916,30161
2023-10-24 12:24:33,32,33,13966,30211
2023-10-24 12:24:33,32,33,14016,30261
2023-10-24 12:24:34,32,33,14066,30311
2023-10-24 12:24:35,30,33,14066,30311
2023-10-24 12:24:35,30,32,14066,30311
2023-10-24 12:24:48,30,31,14066,30311
2023-10-24 12:24:59,30,31,14186,30431
2023-10-24 12:25:02,28,29,14316,30561
2023-10-24 12:25:23,28,31,14316,30561
2023-10-24 12:25:23,28,30,14316,30561
2023-10-24 12:25:38,28,29,14316,30561
2023-10-24 12:25:49,28,31,14316,30561
2023-10-24 12:25:49,28,30,14316,30561
2023-10-24 12:25:50,29,30,14316,30561
2023-10-24 12:26:24,29,31,14316,30561
2023-10-24 12:26:24,29,30,14316,30561
2023-10-24 12:27:00,27,30,14316,30561
2023-10-24 12:27:00,28,30,14316,30561
2023-10-24 12:27:00,28,29,14316,30561
2023-10-24 12:28:09,27,29,14316,30561
2023-10-24 12:28:09,27,28,14316,30561
2023-10-24 12:28:26,27,28,14316,30681
2023-10-24 12:28:27,27,28,14316,30881
2023-10-24 12:28:27,25,28,14316,30881
2023-10-24 12:28:27,25,27,14316,30881
2023-10-24 12:28:27,26,27,14316,30881
2023-10-24 12:28:31,26,28,14316,30881
2023-10-24 12:28:31,26,27,14316,30881
2023-10-24 12:28:33,25,27,14316,30881
2023-10-24 12:28:33,25,26,14316,30881
2023-10-24 12:28:35,25,26,14395,30960
2023-10-24 12:28:37,23,26,14516,31081
2023-10-24 12:28:37,23,26,14516,31202
2023-10-24 12:28:37,23,25,14516,31202
2023-10-24 12:28:37,23,24,14516,31202
2023-10-24 12:29:04,23,24,14516,31215
2023-10-24 12:29:06,22,24,14516,31332
2023-10-24 12:29:06,22,23,14516,31332
2023-10-24 12:29:23,22,24,14516,31332
2023-10-24 12:29:32,22,23,14516,31332
2023-10-24 12:29:33,22,24,14516,31332
2023-10-24 12:29:36,23,24,14516,31332
2023-10-24 12:29:38,22,24,14516,31332
2023-10-24 12:29:39,23,24,14516,31332
2023-10-24 12:30:02,22,24,14516,31332
2023-10-24 12:30:08,22,23,14516,31332
2023-10-24 12:30:09,22,24,14516,31332
2023-10-24 12:30:09,22,23,14516,31332
2023-10-24 12:30:19,22,23,14516,31442
2023-10-24 12:30:20,21,23,14516,31442
2023-10-24 12:30:27,21,24,14516,31442
2023-10-24 12:30:27,21,23,14516,31442
2023-10-24 12:30:36,22,23,14516,31442
2023-10-24 12:30:43,22,24,14516,31442
2023-10-24 12:30:44,22,23,14516,31442
2023-10-24 12:31:10,22,24,14516,31442
2023-10-24 12:31:10,22,23,14516,31442
2023-10-24 12:31:18,22,24,14516,31442
2023-10-24 12:31:35,22,23,14516,31442
2023-10-24 12:31:36,22,24,14516,31442
2023-10-24 12:31:44,23,24,14516,31442
2023-10-24 12:31:48,23,25,14516,31442
2023-10-24 12:31:50,24,25,14516,31442
2023-10-24 12:31:50,24,26,14516,31442
2023-10-24 12:31:57,25,26,14516,31442
2023-10-24 12:32:07,24,26,14516,31442
2023-10-24 12:32:09,24,25,14516,31442
2023-10-24 12:32:12,23,25,14516,31442
2023-10-24 12:32:12,24,25,14516,31442
2023-10-24 12:32:15,23,25,14516,31442
2023-10-24 12:32:34,23,24,14516,31442
2023-10-24 12:32:36,22,24,14516,31442
2023-10-24 12:32:43,22,23,14516,31442
2023-10-24 12:32:44,21,23,14516,31442
2023-10-24 12:32:48,21,22,14516,31442
2023-10-24 12:33:17,21,24,14516,31442
2023-10-24 12:33:18,21,23,14516,31442
2023-10-24 12:34:01,21,22,14516,31442
2023-10-24 12:34:29,21,23,14516,31442
2023-10-24 12:34:29,21,24,14516,31442
2023-10-24 12:34:30,21,23,14516,31442
2023-10-24 12:34:31,22,23,14516,31442
2023-10-24 12:34:50,22,24,14516,31442
2023-10-24 12:34:50,22,23,14516,31442
2023-10-24 12:34:56,21,23,14516,31442
2023-10-24 12:35:03,21,22,14516,31442
2023-10-24 12:35:07,20,22,14516,31442
2023-10-24 12:35:07,20,21,14516,31442
2023-10-24 12:35:12,20,21,14516,31459
2023-10-24 12:35:14,20,21,14516,31473
2023-10-24 12:35:16,20,21,14516,31491
2023-10-24 12:35:18,20,21,14516,31509
2023-10-24 12:35:20,20,21,14516,31527
2023-10-24 12:35:21,20,22,14516,31527
2023-10-24 12:35:21,20,21,14516,31527
2023-10-24 12:35:22,20,21,14516,31543
2023-10-24 12:35:50,19,21,14516,31543
2023-10-24 12:35:52,19,20,14516,31543
2023-10-24 12:36:14,19,22,14516,31543
2023-10-24 12:36:14,19,21,14516,31543
2023-10-24 12:36:15,19,20,14516,31543
2023-10-24 12:36:27,19,21,14516,31543
2023-10-24 12:36:27,19,20,14516,31543
2023-10-24 12:36:35,19,21,14516,31543
2023-10-24 12:36:43,19,20,14516,31543
2023-10-24 12:36:58,19,21,14516,31543
2023-10-24 12:36:58,19,20,14516,31543
2023-10-24 12:37:25,18,20,14616,31743
2023-10-24 12:37:25,18,19,14616,31743
2023-10-24 12:37:31,18,20,14616,31743
2023-10-24 12:37:32,18,19,14616,31743
2023-10-24 12:37:44,18,20,14616,31743
2023-10-24 12:37:47,19,20,14616,31743
2023-10-24 12:37:51,19,22,14616,31743
2023-10-24 12:37:51,19,21,14616,31743
2023-10-24 12:37:57,20,21,14616,31743
2023-10-24 12:38:21,20,22,14616,31743
2023-10-24 12:38:21,20,21,14616,31743
2023-10-24 12:38:22,20,22,14616,31743
2023-10-24 12:38:22,20,21,14616,31743
2023-10-24 12:38:27,20,22,14616,31743
2023-10-24 12:38:28,21,22,14616,31743
2023-10-24 12:38:30,21,23,14616,31743
2023-10-24 12:38:33,21,22,14616,31743
2023-10-24 12:38:44,20,22,14616,31743
2023-10-24 12:38:48,20,23,14616,31743
2023-10-24 12:38:48,20,22,14616,31743
2023-10-24 12:38:50,20,21,14616,31743
2023-10-24 12:39:04,19,21,14616,31743
2023-10-24 12:39:20,20,21,14616,31743
2023-10-24 12:39:21,20,22,14616,31743
2023-10-24 12:39:21,20,21,14616,31743
2023-10-24 12:39:24,20,22,14616,31743
2023-10-24 12:39:38,19,22,14616,31743
2023-10-24 12:40:26,20,22,14616,31743
2023-10-24 12:40:28,19,22,14616,31743
2023-10-24 12:40:34,21,22,14616,31743
2023-10-24 12:41:05,18,22,14616,31743
2023-10-24 12:41:07,19,22,14616,31743
2023-10-24 12:41:11,20,22,14616,31743
2023-10-24 12:41:58,20,22,15016,32143
2023-10-24 12:41:58,20,21,15016,32143
2023-10-24 12:42:12,20,21,15571,32698
2023-10-24 12:42:32,20,21,15631,32758
2023-10-24 12:42:32,18,21,15631,32758
2023-10-24 12:42:33,18,20,15631,32758
2023-10-24 12:42:34,17,20,15631,32758
2023-10-24 12:42:40,17,19,15631,32758
2023-10-24 12:42:42,18,19,15631,32758
2023-10-24 12:42:46,18,20,15631,32758
2023-10-24 12:42:53,18,19,15631,32758
2023-10-24 12:42:55,18,20,15631,32758
2023-10-24 12:42:58,17,20,15631,32758
2023-10-24 12:43:19,17,19,15631,32758
2023-10-24 12:43:19,17,19,15749,32876
2023-10-24 12:43:19,16,19,15781,32994
2023-10-24 12:43:20,16,18,15781,32994
2023-10-24 12:43:33,16,17,15781,32994
2023-10-24 12:43:35,16,18,15781,32994
2023-10-24 12:43:35,16,17,15781,32994
2023-10-24 12:43:42,15,17,15781,32994
2023-10-24 12:44:00,15,18,15781,32994
2023-10-24 12:44:00,15,17,15781,32994
2023-10-24 12:44:32,15,18,15781,32994
2023-10-24 12:44:32,15,17,15781,32994
2023-10-24 12:44:47,16,17,15781,32994
2023-10-24 12:44:47,16,17,15794,33007
2023-10-24 12:45:13,16,17,15844,33057
2023-10-24 12:45:14,16,17,15904,33117
2023-10-24 12:46:06,16,17,15955,33168
2023-10-24 12:46:07,16,17,15981,33194
2023-10-24 12:46:07,16,17,16099,33312
2023-10-24 12:46:09,16,17,16283,33496
2023-10-24 12:46:11,16,17,16491,33704
2023-10-24 12:46:12,16,17,16594,33807
2023-10-24 12:46:16,16,17,16668,33881
2023-10-24 12:46:18,16,17,16684,33897
2023-10-24 12:46:20,16,17,16696,33909
2023-10-24 12:46:26,16,17,16708,33921
2023-10-24 12:46:34,16,17,16758,33971
2023-10-24 12:46:37,15,17,16792,34005
2023-10-24 12:46:37,15,16,16792,34005
2023-10-24 12:46:56,15,18,16792,34005
2023-10-24 12:46:56,15,17,16792,34005
2023-10-24 12:46:57,15,18,16792,34005
2023-10-24 12:46:57,15,17,16792,34005
2023-10-24 12:47:05,15,16,16792,34005
2023-10-24 12:47:33,15,16,16842,34055
2023-10-24 12:47:33,15,16,16892,34105
2023-10-24 12:47:33,15,16,16942,34155
2023-10-24 12:47:34,15,16,16992,34205
2023-10-24 12:47:35,14,16,17042,34255
2023-10-24 12:47:35,14,15,17042,34255
2023-10-24 12:47:39,13,15,17042,34255
2023-10-24 12:47:41,13,14,17042,34255
2023-10-24 12:47:52,13,14,17142,34355
2023-10-24 12:48:38,13,16,17142,34355
2023-10-24 12:48:38,13,15,17142,34355
2023-10-24 12:48:46,14,15,17142,34355
2023-10-24 12:48:47,14,16,17142,34355
2023-10-24 12:48:47,14,15,17142,34355
2023-10-24 12:49:20,14,17,17142,34355
2023-10-24 12:49:20,14,16,17142,34355
2023-10-24 12:49:21,14,15,17142,34355
2023-10-24 12:49:21,14,16,17142,34355
2023-10-24 12:49:21,14,15,17142,34355
2023-10-24 12:49:22,13,15,17142,34355
2023-10-24 12:49:51,14,15,17142,34355
2023-10-24 12:49:54,13,15,17142,34355
2023-10-24 12:49:55,14,15,17142,34355
2023-10-24 12:49:57,13,15,17142,34355
2023-10-24 12:49:57,13,16,17142,34355
2023-10-24 12:49:57,13,15,17142,34355
2023-10-24 12:49:58,14,15,17142,34355
2023-10-24 12:51:18,13,15,17142,34355
2023-10-24 12:51:22,13,14,17142,34355
2023-10-24 12:51:35,13,15,17142,34355
2023-10-24 12:51:35,13,14,17142,34355
2023-10-24 12:51:39,13,14,17142,34555
2023-10-24 12:51:39,13,15,17142,34555
2023-10-24 12:51:39,13,16,17142,34555
2023-10-24 12:51:39,13,15,17142,34555
2023-10-24 12:51:44,14,15,17142,34555
2023-10-24 12:51:55,13,15,17142,34555
2023-10-24 12:51:59,13,16,17142,34555
2023-10-24 12:51:59,13,15,17142,34555
2023-10-24 12:52:14,13,14,17142,34555
2023-10-24 12:55:29,12,14,17292,34705
2023-10-24 12:55:29,12,13,17292,34705
2023-10-24 12:56:51,13,14,17292,34755
2023-10-24 12:56:52,12,14,17292,34755
2023-10-24 12:56:53,13,14,17292,34755
2023-10-24 12:56:56,13,15,17292,34755
2023-10-24 12:57:06,13,14,17292,34755
2023-10-24 12:57:10,13,15,17292,34755
2023-10-24 12:57:12,13,14,17292,34755
2023-10-24 12:57:12,13,15,17292,34755
2023-10-24 12:57:14,13,14,17292,34755
2023-10-24 12:57:15,13,15,17292,34755
2023-10-24 12:57:16,13,14,17292,34755
2023-10-24 12:57:17,13,15,17292,34755
2023-10-24 12:57:41,13,14,17292,34755
2023-10-24 12:57:44,12,14,17292,34755
2023-10-24 12:57:53,13,14,17292,34755
2023-10-24 12:57:58,13,15,17292,34755
2023-10-24 12:58:24,14,15,17292,34755
2023-10-24 12:58:32,13,15,17292,34755
2023-10-24 12:58:35,14,15,17292,34755
2023-10-24 12:58:37,13,15,17292,34755
2023-10-24 12:58:47,14,15,17292,34755
2023-10-24 12:58:52,14,16,17292,34755
2023-10-24 12:58:53,14,15,17292,34755
2023-10-24 12:58:55,14,16,17292,34755
2023-10-24 12:58:55,14,15,17292,34755
2023-10-24 12:58:56,14,16,17292,34755
2023-10-24 12:59:14,15,16,17292,34755
2023-10-24 13:00:29,15,16,17092,34955
2023-10-24 13:01:05,15,16,16892,35155
2023-10-24 13:01:07,15,16,16337,35710
2023-10-24 13:01:10,15,16,16137,35910
2023-10-24 13:01:11,15,18,15991,36755
2023-10-24 13:01:11,16,18,15991,36755
2023-10-24 13:01:12,16,17,15991,36755
2023-10-24 13:01:13,16,18,15991,36755
2023-10-24 13:01:24,16,17,15991,36755
2023-10-24 13:01:26,16,18,15991,36755
2023-10-24 13:01:26,16,17,15991,36755
2023-10-24 13:01:28,15,17,15991,36755
2023-10-24 13:01:36,14,17,15991,36755
2023-10-24 13:01:38,14,16,15991,36755
2023-10-24 13:01:53,13,16,15991,36755
2023-10-24 13:01:57,13,15,15991,36755
2023-10-24 13:02:00,14,15,15991,36755
2023-10-24 13:02:08,14,16,15991,36755
2023-10-24 13:02:15,15,16,15991,36755
2023-10-24 13:02:15,15,17,15991,36755
2023-10-24 13:02:39,16,17,15991,36755
2023-10-24 13:02:43,16,18,15991,36755
2023-10-24 13:02:48,17,18,15991,36755
2023-10-24 13:03:11,16,18,15991,36755
2023-10-24 13:03:11,17,18,15991,36755
2023-10-24 13:03:11,16,18,15991,36755
2023-10-24 13:03:12,17,18,15991,36755
2023-10-24 13:03:51,16,18,15991,36755
2023-10-24 13:03:54,16,17,15991,36755
2023-10-24 13:03:57,15,17,15991,36755
2023-10-24 13:04:04,15,18,15991,36755
2023-10-24 13:04:04,15,17,15991,36755
2023-10-24 13:04:09,16,17,15991,36755
2023-10-24 13:04:09,16,18,15991,36755
2023-10-24 13:04:23,15,18,15991,36755
2023-10-24 13:04:23,15,17,15991,36755
2023-10-24 13:04:29,15,18,15991,36755
2023-10-24 13:04:29,16,18,15991,36755
2023-10-24 13:04:30,16,17,15991,36755
2023-10-24 13:04:31,15,17,15991,36755
2023-10-24 13:04:38,16,17,15991,36755
2023-10-24 13:04:39,15,17,15991,36755
2023-10-24 13:04:52,15,18,15991,36755
2023-10-24 13:04:52,15,17,15991,36755
2023-10-24 13:05:13,16,17,15991,36755
2023-10-24 13:05:13,16,18,15991,36755
2023-10-24 13:05:14,16,17,15991,36755
2023-10-24 13:05:15,16,18,15991,36755
2023-10-24 13:05:28,16,17,15991,36755
2023-10-24 13:05:32,16,17,15991,36755
2023-10-24 13:05:33,16,18,15991,36755
2023-10-24 13:05:37,15,18,15991,36755
2023-10-24 13:05:37,15,17,15991,36755
2023-10-24 13:05:40,16,17,15991,36755
2023-10-24 13:05:45,16,18,15991,36755
2023-10-24 13:05:55,17,18,15991,36755
2023-10-24 13:05:57,17,19,15991,36755
2023-10-24 13:06:25,18,19,15991,36755
2023-10-24 13:06:37,18,20,15991,36755
2023-10-24 13:06:43,18,19,15991,36755
2023-10-24 13:06:45,18,20,15991,36755
2023-10-24 13:06:47,19,20,15991,36755
2023-10-24 13:07:10,18,20,15991,36755
2023-10-24 13:07:16,19,20,15991,36755
2023-10-24 13:07:17,18,20,15991,36755
2023-10-24 13:07:25,19,20,15991,36755
2023-10-24 13:07:25,19,21,15991,36755
2023-10-24 13:07:29,20,21,15991,36755
2023-10-24 13:07:34,20,22,15991,36755
2023-10-24 13:07:36,21,22,15991,36755
2023-10-24 13:07:36,21,23,15991,36755
2023-10-24 13:07:39,21,22,15991,36755
2023-10-24 13:07:39,21,23,15991,36755
2023-10-24 13:07:40,21,22,15991,36755
2023-10-24 13:08:01,21,23,15991,36755
2023-10-24 13:08:01,21,22,15991,36755
2023-10-24 13:08:23,21,23,15991,36755
2023-10-24 13:08:24,21,22,15991,36755
2023-10-24 13:08:26,21,23,15991,36755
2023-10-24 13:08:29,21,22,15991,36755
2023-10-24 13:08:30,21,23,15991,36755
2023-10-24 13:08:31,21,22,15991,36755
2023-10-24 13:08:45,20,22,15991,36755
2023-10-24 13:08:45,21,22,15991,36755
2023-10-24 13:09:08,21,23,15991,36755
2023-10-24 13:09:08,21,22,15991,36755
2023-10-24 13:09:20,20,22,15991,36755
2023-10-24 13:09:21,20,21,15991,36755
2023-10-24 13:09:38,20,23,15991,36755
2023-10-24 13:09:38,20,22,15991,36755
2023-10-24 13:10:02,21,22,15991,36755
2023-10-24 13:10:03,20,22,15991,36755
2023-10-24 13:10:04,21,22,15991,36755
2023-10-24 13:10:07,21,23,15991,36755
2023-10-24 13:10:07,21,22,15991,36755
2023-10-24 13:10:09,20,22,15991,36755
2023-10-24 13:10:13,20,21,15991,36755
2023-10-24 13:10:20,20,21,15991,36755
2023-10-24 13:10:34,19,21,15991,36755
2023-10-24 13:10:41,20,21,15991,36755
2023-10-24 13:10:44,20,22,16248,37012
2023-10-24 13:10:46,20,21,16248,37012
2023-10-24 13:10:49,20,22,16248,37012
2023-10-24 13:11:05,20,21,16248,37012
2023-10-24 13:11:06,19,21,16248,37012
2023-10-24 13:11:12,19,20,16248,37012
2023-10-24 13:11:13,18,20,16248,37012
2023-10-24 13:11:19,18,19,16248,37012
2023-10-24 13:11:19,17,19,16248,37012
2023-10-24 13:11:21,16,19,16248,37012
2023-10-24 13:11:23,16,18,16248,37012
2023-10-24 13:11:33,15,18,16248,37012
2023-10-24 13:11:37,15,17,16248,37012
2023-10-24 13:11:37,15,18,16248,37012
2023-10-24 13:11:37,15,17,16248,37012
2023-10-24 13:11:38,15,18,16248,37012
2023-10-24 13:11:38,15,17,16248,37012
2023-10-24 13:11:39,16,17,16248,37012
2023-10-24 13:11:40,15,17,16248,37012
2023-10-24 13:11:43,16,17,16248,37012
2023-10-24 13:11:43,16,18,16248,37012
2023-10-24 13:12:14,15,18,16248,37012
2023-10-24 13:12:15,15,17,16248,37012
2023-10-24 13:12:39,14,17,16248,37012
2023-10-24 13:12:40,14,16,16248,37012
2023-10-24 13:13:07,15,16,16248,37012
2023-10-24 13:13:09,15,17,16248,37012
2023-10-24 13:13:21,16,17,16248,37012
2023-10-24 13:13:26,16,18,16248,37012
2023-10-24 13:13:26,17,18,16248,37012
2023-10-24 13:13:30,17,19,16248,37012
2023-10-24 13:13:30,18,19,16248,37012
2023-10-24 13:13:33,17,19,16248,37012
2023-10-24 13:13:34,18,19,16248,37012
2023-10-24 13:13:34,17,19,16248,37012
2023-10-24 13:13:34,18,19,16248,37012
2023-10-24 13:13:36,17,19,16248,37012
2023-10-24 13:13:37,18,19,16248,37012
2023-10-24 13:13:42,17,19,16248,37012
2023-10-24 13:13:44,18,19,16248,37012
2023-10-24 13:13:48,17,19,16248,37012
2023-10-24 13:14:15,18,19,16248,37012
2023-10-24 13:14:31,18,20,16248,37012
2023-10-24 13:14:47,17,20,16248,37012
2023-10-24 13:14:49,17,19,16248,37012
2023-10-24 13:15:12,17,18,16248,37012
2023-10-24 13:15:14,17,19,16248,37012
2023-10-24 13:15:14,17,18,16248,37012
2023-10-24 13:15:15,16,18,16248,37012
2023-10-24 13:15:15,15,18,16248,37012
2023-10-24 13:15:15,16,18,16248,37012
2023-10-24 13:15:16,15,18,16248,37012
2023-10-24 13:15:19,16,18,16248,37012
2023-10-24 13:15:21,16,17,16248,37012
2023-10-24 13:15:21,15,17,16248,37012
2023-10-24 13:15:27,16,17,16248,37012
2023-10-24 13:15:51,16,18,16248,37012
2023-10-24 13:16:03,17,18,16248,37012
2023-10-24 13:16:06,17,19,16248,37012
2023-10-24 13:16:24,18,19,16248,37012
2023-10-24 13:16:27,18,20,16248,37012
2023-10-24 13:16:38,19,20,16248,37012
2023-10-24 13:16:48,19,21,16248,37012
2023-10-24 13:17:07,18,21,16248,37012
2023-10-24 13:17:09,18,20,16248,37012
2023-10-24 13:17:25,19,20,16248,37012
2023-10-24 13:17:25,19,21,16248,37012
2023-10-24 13:17:39,18,21,16248,37012
2023-10-24 13:17:41,18,20,16248,37012
2023-10-24 13:17:41,19,20,16248,37012
2023-10-24 13:17:42,18,20,16248,37012
2023-10-24 13:17:43,19,20,16248,37012
2023-10-24 13:17:43,18,20,16248,37012
2023-10-24 13:18:15,19,20,16248,37012
2023-10-24 13:18:16,18,20,16248,37012
2023-10-24 13:18:16,18,21,16248,37012
2023-10-24 13:18:16,18,20,16248,37012
2023-10-24 13:18:16,19,20,16248,37012
2023-10-24 13:18:16,18,20,16248,37012
2023-10-24 13:18:16,18,20,16248,37012
2023-10-24 13:18:16,19,20,16248,37012
2023-10-24 13:18:18,19,21,16248,37012
2023-10-24 13:18:48,20,21,16248,37012
2023-10-24 13:19:39,20,22,16248,37012
2023-10-24 13:19:46,21,22,16248,37012
2023-10-24 13:19:52,20,22,16248,37012
2023-10-24 13:19:55,21,22,16248,37012
2023-10-24 13:20:03,20,22,16248,37012
2023-10-24 13:20:05,21,22,16248,37012
2023-10-24 13:20:06,21,23,16248,37012
2023-10-24 13:20:09,22,23,16248,37012
2023-10-24 13:20:09,22,24,16248,37012
2023-10-24 13:20:10,21,24,16248,37012
2023-10-24 13:20:13,22,24,16248,37012
2023-10-24 13:20:21,23,24,16248,37012
2023-10-24 13:20:21,22,24,16248,37012
2023-10-24 13:20:22,23,24,16248,37012
2023-10-24 13:20:31,23,25,16248,37012
2023-10-24 13:20:52,24,25,16248,37012
2023-10-24 13:20:53,23,25,16248,37012
2023-10-24 13:20:56,24,25,16248,37012
2023-10-24 13:20:56,23,25,16248,37012
2023-10-24 13:20:56,24,25,16248,37012
2023-10-24 13:20:57,24,26,16248,37012
2023-10-24 13:21:01,23,26,16248,37012
2023-10-24 13:21:03,23,25,16248,37012
2023-10-24 13:21:07,23,26,16248,37012
2023-10-24 13:21:07,24,26,16248,37012
2023-10-24 13:21:08,24,25,16248,37012
2023-10-24 13:21:08,23,26,16248,37012
2023-10-24 13:21:08,23,25,16248,37012
2023-10-24 13:21:09,23,26,16248,37012
2023-10-24 13:21:09,23,25,16248,37012
2023-10-24 13:21:09,23,26,16248,37012
2023-10-24 13:21:09,24,26,16248,37012
2023-10-24 13:21:10,24,25,16248,37012
2023-10-24 13:21:11,24,26,16248,37012
2023-10-24 13:21:46,23,26,16248,37012
2023-10-24 13:21:46,24,26,16248,37012
2023-10-24 13:21:52,25,26,16248,37012
2023-10-24 13:22:01,25,27,16448,37212
2023-10-24 13:22:13,26,27,16448,37212
2023-10-24 13:22:14,25,27,16448,37212
2023-10-24 13:22:15,26,27,16448,37212
2023-10-24 13:22:15,26,28,16448,37212
2023-10-24 13:22:25,26,27,16448,37212
2023-10-24 13:22:38,26,28,16448,37212
2023-10-24 13:22:44,27,28,16448,37212
2023-10-24 13:22:55,27,29,16448,37212
2023-10-24 13:22:56,27,28,16448,37212
2023-10-24 13:23:11,27,29,16448,37212
2023-10-24 13:23:22,28,29,16448,37212
2023-10-24 13:24:23,28,29,16548,37312
2023-10-24 13:24:24,28,29,16748,37512
2023-10-24 13:24:25,28,29,16948,37712
2023-10-24 13:24:33,26,29,16948,37712
2023-10-24 13:24:33,26,28,16948,37712
2023-10-24 13:24:37,25,28,16948,37712
2023-10-24 13:24:38,26,28,16948,37712
2023-10-24 13:24:42,27,28,16948,37712
2023-10-24 13:25:14,27,29,16948,37712
2023-10-24 13:25:14,27,28,16948,37712
2023-10-24 13:25:17,27,28,17148,37912
2023-10-24 13:25:53,27,29,17148,37912
2023-10-24 13:25:53,27,28,17148,37912
2023-10-24 13:25:54,27,29,17148,37912
2023-10-24 13:25:54,27,28,17148,37912
2023-10-24 13:25:55,27,30,17148,37912
2023-10-24 13:25:55,27,29,17148,37912
2023-10-24 13:26:05,28,29,17148,37912
2023-10-24 13:26:09,27,29,17148,37912
2023-10-24 13:26:24,27,30,17148,37912
2023-10-24 13:26:24,27,29,17148,37912
2023-10-24 13:26:34,28,29,17148,37912
2023-10-24 13:26:35,28,30,17148,37912
2023-10-24 13:26:35,28,31,17148,37912
2023-10-24 13:26:35,28,30,17148,37912
2023-10-24 13:26:36,27,30,17148,37912
2023-10-24 13:26:36,28,30,17148,37912
2023-10-24 13:26:38,27,30,17148,37912
2023-10-24 13:26:38,27,29,17148,37912
2023-10-24 13:26:51,27,28,17148,37912
2023-10-24 13:27:24,27,29,17148,37912
2023-10-24 13:27:24,27,28,17148,37912
2023-10-24 13:27:49,27,30,17148,37912
2023-10-24 13:27:49,27,29,17148,37912
2023-10-24 13:27:58,28,29,17148,37912
2023-10-24 13:27:59,27,29,17148,37912
2023-10-24 13:28:01,28,29,17148,37912
2023-10-24 13:28:04,28,31,17148,37912
2023-10-24 13:28:04,28,30,17148,37912
2023-10-24 13:28:21,28,30,17148,38112
2023-10-24 13:28:21,29,30,17148,38112
2023-10-24 13:28:21,29,31,17148,38112
2023-10-24 13:28:22,30,32,17148,38112
2023-10-24 13:28:22,30,31,17148,38112
2023-10-24 13:28:22,30,32,17148,38112
2023-10-24 13:28:23,31,32,17148,38112
2023-10-24 13:28:23,31,32,17148,38312
2023-10-24 13:28:23,31,33,17148,38312
2023-10-24 13:28:23,31,34,17148,38312
2023-10-24 13:28:24,32,34,17148,38312
2023-10-24 13:28:27,31,34,17148,38312
2023-10-24 13:28:27,31,33,17148,38312
2023-10-24 13:28:29,30,33,17148,38312
2023-10-24 13:28:30,30,32,17148,38312
2023-10-24 13:28:31,31,32,17148,38312
2023-10-24 13:28:33,30,32,17148,38312
2023-10-24 13:28:38,31,32,17148,38312
2023-10-24 13:28:43,30,32,17148,38312
2023-10-24 13:28:45,31,32,17148,38312
2023-10-24 13:28:48,30,32,17148,38312
2023-10-24 13:28:49,31,32,17148,38312
2023-10-24 13:28:51,32,34,17148,38440
2023-10-24 13:29:12,31,34,17148,38440
2023-10-24 13:29:24,32,34,17148,38440
2023-10-24 13:30:00,33,34,17148,38440
2023-10-24 13:30:03,33,35,17148,38440
2023-10-24 13:30:04,34,35,17148,38440
2023-10-24 13:30:06,33,35,17148,38440
2023-10-24 13:30:06,34,35,17148,38440
2023-10-24 13:30:16,34,35,17148,38640
2023-10-24 13:30:17,35,37,17148,38660
2023-10-24 13:30:34,37,38,17148,38690
2023-10-24 13:30:35,36,38,17148,38690
2023-10-24 13:30:43,37,38,17148,38690
2023-10-24 13:30:44,36,38,17148,38690
2023-10-24 13:30:51,37,38,17148,38690
2023-10-24 13:30:51,37,39,17148,38690
2023-10-24 13:30:51,37,38,17148,38690
2023-10-24 13:30:52,38,39,17148,38720
2023-10-24 13:30:53,38,40,17148,38720
2023-10-24 13:30:54,39,40,17148,38720
2023-10-24 13:30:55,40,41,17148,38960
2023-10-24 13:30:55,40,41,17148,39160
2023-10-24 13:30:55,41,42,17148,39470
2023-10-24 13:30:55,41,42,17148,39480
2023-10-24 13:30:55,41,43,17148,39480
2023-10-24 13:30:56,40,43,17148,39480
2023-10-24 13:30:57,40,42,17148,39480
2023-10-24 13:30:59,39,42,17148,39480
2023-10-24 13:30:59,40,42,17148,39480
2023-10-24 13:31:02,40,42,17148,39490
2023-10-24 13:31:02,40,42,17148,39490
2023-10-24 13:31:04,40,43,17148,39490
2023-10-24 13:31:08,40,42,17148,39490
2023-10-24 13:31:12,40,43,17148,39490
2023-10-24 13:31:20,41,43,17148,39490
2023-10-24 13:31:23,40,43,17148,39490
2023-10-24 13:31:28,41,43,17148,39490
2023-10-24 13:31:29,40,43,17148,39490
2023-10-24 13:31:32,40,42,17148,39490
2023-10-24 13:31:32,38,42,17148,39490
2023-10-24 13:31:33,39,42,17148,39490
2023-10-24 13:31:33,39,41,17148,39490
2023-10-24 13:31:42,38,41,17148,39490
2023-10-24 13:31:50,39,41,17148,39490
2023-10-24 13:32:01,39,40,17148,39490
2023-10-24 13:32:17,40,41,17148,39540
2023-10-24 13:32:19,40,43,17148,39540
2023-10-24 13:32:29,40,42,17148,39540
2023-10-24 13:32:29,39,42,17148,39540
2023-10-24 13:32:34,39,41,17148,39540
2023-10-24 13:32:42,39,40,17148,39540
2023-10-24 13:32:42,38,40,17148,39540
2023-10-24 13:32:43,37,40,17148,39540
2023-10-24 13:32:46,38,40,17148,39540
2023-10-24 13:32:51,38,39,17148,39540
2023-10-24 13:32:51,36,39,17148,39540
2023-10-24 13:32:51,37,39,17148,39540
2023-10-24 13:32:52,37,38,17148,39540
2023-10-24 13:32:52,36,38,17148,39540
2023-10-24 13:32:54,35,38,17148,39540
2023-10-24 13:32:54,35,37,17148,39540
2023-10-24 13:32:55,35,37,17148,39940
2023-10-24 13:32:55,35,36,17148,39940
2023-10-24 13:32:55,33,36,17148,39940
2023-10-24 13:32:55,32,36,17148,39940
2023-10-24 13:32:56,33,36,17148,39940
2023-10-24 13:33:00,33,35,17148,39940
2023-10-24 13:33:21,33,36,17148,39940
2023-10-24 13:33:29,33,35,17148,39940
2023-10-24 13:33:46,33,36,17148,39940
2023-10-24 13:33:49,34,36,17148,39940
2023-10-24 13:33:52,33,36,17148,39940
2023-10-24 13:33:56,33,35,17148,39940
2023-10-24 13:33:59,33,36,17148,39940
2023-10-24 13:34:02,34,36,17148,39940
2023-10-24 13:34:08,33,36,17148,39940
2023-10-24 13:34:11,33,35,17148,39940
2023-10-24 13:34:12,33,36,17148,39940
2023-10-24 13:34:13,33,35,17148,39940
2023-10-24 13:34:36,33,34,17148,39940
2023-10-24 13:34:36,32,34,17148,39940
2023-10-24 13:35:05,32,35,17148,39940
2023-10-24 13:35:07,33,35,17148,39940
2023-10-24 13:35:29,33,34,17148,39940
2023-10-24 13:35:29,32,34,17148,39940
2023-10-24 13:35:32,32,33,17148,39940
2023-10-24 13:35:40,31,33,17148,39940
2023-10-24 13:35:48,32,33,17148,39940
2023-10-24 13:35:49,32,34,17148,39940
2023-10-24 13:35:55,32,35,17148,39940
2023-10-24 13:35:55,33,35,17148,39940
2023-10-24 13:35:57,33,36,17148,39940
2023-10-24 13:35:58,33,35,17148,39940
2023-10-24 13:36:04,33,36,17148,39940
2023-10-24 13:36:05,33,35,17148,39940
2023-10-24 13:36:32,33,36,17148,39940
2023-10-24 13:36:36,33,35,17148,39940
2023-10-24 13:36:38,33,36,17148,39940
2023-10-24 13:36:48,34,36,17148,39940
2023-10-24 13:37:00,32,36,17148,39940
2023-10-24 13:37:00,33,36,17148,39940
2023-10-24 13:37:07,33,35,17148,39940
2023-10-24 13:37:07,33,34,17148,39940
2023-10-24 13:37:07,31,34,17148,39940
2023-10-24 13:37:07,32,34,17148,39940
2023-10-24 13:37:22,32,35,17148,39940
2023-10-24 13:37:22,33,35,17148,39940
2023-10-24 13:37:37,33,34,17148,39940
2023-10-24 13:37:37,32,34,17148,39940
2023-10-24 13:37:44,32,35,17148,39940
2023-10-24 13:37:46,33,35,17148,39940
2023-10-24 13:38:20,33,36,17148,39940
2023-10-24 13:38:25,34,36,17148,39940
2023-10-24 13:38:26,33,36,17148,39940
2023-10-24 13:38:30,34,36,17148,39940
2023-10-24 13:38:38,34,37,17148,39940
2023-10-24 13:38:41,35,37,17148,39940
2023-10-24 13:38:42,34,37,17148,39940
2023-10-24 13:38:49,34,36,17148,39940
2023-10-24 13:38:51,32,36,17148,39940
2023-10-24 13:38:51,33,36,17148,39940
2023-10-24 13:38:52,33,35,17148,39940
2023-10-24 13:38:53,33,36,17148,39940
2023-10-24 13:39:02,33,35,17148,39940
2023-10-24 13:39:03,33,34,17148,39940
2023-10-24 13:39:13,33,35,17148,39940
2023-10-24 13:39:15,33,34,17148,39940
2023-10-24 13:39:22,33,35,17148,39940
2023-10-24 13:39:24,34,35,17148,39940
2023-10-24 13:39:24,34,36,17148,39940
2023-10-24 13:39:25,34,37,17148,39940
2023-10-24 13:39:35,35,37,17148,39940
2023-10-24 13:39:41,35,38,17148,39940
2023-10-24 13:39:41,36,38,17148,39940
2023-10-24 13:39:44,35,38,17148,39940
2023-10-24 13:39:45,36,38,17148,39940
2023-10-24 13:39:55,35,38,17148,39940
2023-10-24 13:40:15,35,37,17148,39940
2023-10-24 13:40:21,34,37,17148,39940
2023-10-24 13:40:42,35,37,17148,39940
2023-10-24 13:40:44,34,37,17148,39940
2023-10-24 13:40:45,35,37,17148,39940
2023-10-24 13:40:51,35,38,17148,39940
2023-10-24 13:41:00,35,37,17148,39940
2023-10-24 13:41:00,34,37,17148,39940
2023-10-24 13:41:18,34,36,17148,39940
2023-10-24 13:41:19,34,35,17148,39940
2023-10-24 13:41:19,32,35,17148,39940
2023-10-24 13:41:19,33,35,17148,39940
2023-10-24 13:41:27,33,36,17148,39940
2023-10-24 13:41:30,34,36,17148,39940
2023-10-24 13:41:43,34,38,17148,39940
2023-10-24 13:41:43,35,38,17148,39940
2023-10-24 13:41:48,35,37,17148,39940
2023-10-24 13:41:56,35,38,17148,39940
2023-10-24 13:42:05,36,38,17148,39940
2023-10-24 13:42:07,36,39,17148,39940
2023-10-24 13:42:07,38,39,17148,39940
2023-10-24 13:42:08,38,40,17148,39940
2023-10-24 13:42:29,36,40,17148,39940
2023-10-24 13:42:29,36,39,17148,39940
2023-10-24 13:42:31,36,38,17148,39940
2023-10-24 13:42:31,35,38,17148,39940
2023-10-24 13:42:34,35,39,17148,39940
2023-10-24 13:42:34,35,38,17148,39940
2023-10-24 13:43:01,35,37,17148,39940
2023-10-24 13:43:01,33,37,17148,39940
2023-10-24 13:43:01,34,37,17148,39940
2023-10-24 13:43:08,35,37,17148,39940
2023-10-24 13:43:08,34,37,17148,39940
2023-10-24 13:43:14,35,37,17148,39940
2023-10-24 13:43:15,34,37,17148,39940
2023-10-24 13:43:18,34,36,17148,39940
2023-10-24 13:43:23,34,35,17148,39940
2023-10-24 13:43:23,31,35,17148,39940
2023-10-24 13:43:23,33,35,17148,39940
2023-10-24 13:43:40,33,36,17148,39940
2023-10-24 13:43:42,34,36,17148,39940
2023-10-24 13:43:47,34,37,17148,39940
2023-10-24 13:44:07,35,37,17148,39940
2023-10-24 13:44:09,35,38,17148,39940
2023-10-24 13:44:25,36,38,17148,39940
2023-10-24 13:44:38,35,38,17148,39940
2023-10-24 13:44:51,36,38,17148,39940
2023-10-24 13:44:54,36,39,17148,39940
2023-10-24 13:45:02,35,39,17148,39940
2023-10-24 13:45:07,35,38,17148,39940
2023-10-24 13:45:10,35,37,17148,39940
2023-10-24 13:45:35,34,37,17148,39940
2023-10-24 13:45:46,34,36,17148,39940
2023-10-24 13:46:03,34,37,17148,39940
2023-10-24 13:46:23,35,37,17148,39940
2023-10-24 13:46:57,33,37,17148,39940
2023-10-24 13:46:57,34,37,17148,39940
2023-10-24 13:47:03,34,36,17148,39940
2023-10-24 13:47:04,34,35,17148,39940
2023-10-24 13:47:04,32,35,17148,39940
2023-10-24 13:47:04,33,35,17148,39940
2023-10-24 13:47:05,33,34,17148,39940
2023-10-24 13:47:28,33,35,17148,39940
2023-10-24 13:47:32,33,34,17148,39940
2023-10-24 13:47:44,33,34,17148,40340
2023-10-24 13:47:44,31,34,17148,40340
2023-10-24 13:47:44,32,34,17148,40340
2023-10-24 13:47:51,33,34,17148,40340
2023-10-24 13:47:52,33,35,17148,40340
2023-10-24 13:48:07,33,36,17148,40340
2023-10-24 13:48:11,34,36,17148,40340
2023-10-24 13:48:26,35,36,17148,40340
2023-10-24 13:48:26,36,37,17148,40360
2023-10-24 13:48:31,37,38,17148,40461
2023-10-24 13:48:31,37,38,17148,40471
2023-10-24 13:48:32,36,38,17148,40471
2023-10-24 13:48:43,37,38,17148,40471
2023-10-24 13:48:44,37,39,17148,40471
2023-10-24 13:48:52,38,39,17148,40471
2023-10-24 13:48:57,38,40,17148,40471
2023-10-24 13:49:01,39,40,17148,40471
2023-10-24 13:49:05,38,40,17148,40471
2023-10-24 13:49:07,37,40,17148,40471
2023-10-24 13:49:07,37,39,17148,40471
2023-10-24 13:49:13,36,39,17148,40471
2023-10-24 13:49:15,36,38,17148,40471
2023-10-24 13:49:20,35,38,17148,40471
2023-10-24 13:49:33,34,38,17148,40471
2023-10-24 13:49:40,34,37,17148,40471
2023-10-24 13:49:49,34,36,17148,40471
2023-10-24 13:50:01,34,37,17148,40471
2023-10-24 13:50:06,35,37,17148,40471
2023-10-24 13:50:20,35,38,17148,40471
2023-10-24 13:50:25,36,38,17148,40471
2023-10-24 13:50:35,35,38,17148,40471
2023-10-24 13:50:50,35,37,17148,40471
2023-10-24 13:50:50,34,37,17148,40471
2023-10-24 13:51:13,34,36,17148,40471
2023-10-24 13:51:24,34,37,17148,40471
2023-10-24 13:51:25,35,37,17148,40471
2023-10-24 13:51:29,35,38,17148,40471
2023-10-24 13:51:31,35,37,17148,40471
2023-10-24 13:51:31,33,37,17148,40471
2023-10-24 13:51:31,34,37,17148,40471
2023-10-24 13:51:34,34,36,17148,40471
2023-10-24 13:51:41,34,37,17148,40471
2023-10-24 13:51:48,35,37,17148,40471
2023-10-24 13:51:53,36,37,17148,40471
2023-10-24 13:51:53,36,38,17148,40471
2023-10-24 13:52:19,37,38,17148,40471
2023-10-24 13:52:19,37,39,17148,40471
2023-10-24 13:52:25,38,39,17148,40471
2023-10-24 13:52:26,39,40,17148,40481
2023-10-24 13:52:27,39,41,17148,40481
2023-10-24 13:52:36,39,40,17148,40481
2023-10-24 13:52:40,39,41,17148,40481
2023-10-24 13:52:56,40,41,17148,40481
2023-10-24 13:52:59,40,42,17148,40481
2023-10-24 13:53:01,41,42,17148,40481
2023-10-24 13:53:01,41,42,17148,40492
2023-10-24 13:53:03,41,42,17148,40506
2023-10-24 13:53:05,41,42,17148,40522
2023-10-24 13:53:08,41,43,17148,40522
2023-10-24 13:53:11,41,42,17148,40522
2023-10-24 13:53:17,41,42,17148,40562
2023-10-24 13:53:18,41,43,17148,40562
2023-10-24 13:53:30,41,42,17148,40562
2023-10-24 13:53:32,40,42,17148,40562
2023-10-24 13:53:32,40,43,17148,40562
2023-10-24 13:53:58,40,42,17148,40562
2023-10-24 13:54:04,39,42,17148,40562
2023-10-24 13:54:05,40,42,17148,40562
2023-10-24 13:54:07,39,42,17148,40562
2023-10-24 13:54:22,38,42,17148,40562
2023-10-24 13:54:22,38,41,17148,40562
2023-10-24 13:54:22,38,40,17148,40562
2023-10-24 13:54:30,37,40,17148,40562
2023-10-24 13:54:45,37,39,17148,40562
2023-10-24 13:54:46,36,39,17148,40562
2023-10-24 13:54:57,36,38,17148,40562
2023-10-24 13:55:02,36,39,17148,40562
2023-10-24 13:55:15,37,39,17148,40562
2023-10-24 13:55:22,36,39,17148,40562
2023-10-24 13:55:32,35,39,17148,40562
2023-10-24 13:55:32,35,38,17148,40562
2023-10-24 13:55:47,35,37,17148,40562
2023-10-24 13:55:49,33,37,17148,40562
2023-10-24 13:55:49,34,37,17148,40562
2023-10-24 13:55:52,34,36,17148,40562
2023-10-24 13:55:55,34,37,17148,40562
2023-10-24 13:55:57,34,36,17148,40562
2023-10-24 13:56:28,32,35,17148,40562
2023-10-24 13:56:28,33,35,17148,40562
2023-10-24 13:56:33,33,34,17148,40562
2023-10-24 13:56:47,33,35,17148,40562
2023-10-24 13:56:48,33,34,17148,40562
2023-10-24 13:56:56,31,34,17148,40562
2023-10-24 13:56:56,32,34,17148,40562
2023-10-24 13:56:58,32,33,17148,40562
2023-10-24 13:56:58,29,32,17148,40662
2023-10-24 13:57:01,30,32,17148,40662
2023-10-24 13:57:02,29,32,17148,40662
2023-10-24 13:57:02,30,32,17148,40662
2023-10-24 13:57:08,31,32,17148,40662
2023-10-24 13:57:09,31,33,17148,40662
2023-10-24 13:57:30,30,33,17148,40662
2023-10-24 13:57:31,30,32,17148,40662
2023-10-24 13:57:37,29,32,17148,40662
2023-10-24 13:57:37,30,32,17148,40662
2023-10-24 13:57:38,29,32,17148,40662
2023-10-24 13:57:40,30,32,17148,40662
2023-10-24 13:57:45,29,32,17148,40662
2023-10-24 13:57:49,30,32,17148,40662
2023-10-24 13:57:51,30,31,17148,40662
2023-10-24 13:57:51,29,31,17148,40662
2023-10-24 13:58:00,29,30,17148,40662
2023-10-24 13:58:00,28,30,17148,40662
2023-10-24 13:58:02,28,29,17148,40662
2023-10-24 13:58:10,28,29,17248,40762
2023-10-24 13:58:11,28,29,17448,40962
2023-10-24 13:58:12,28,29,17648,41162
2023-10-24 13:58:17,25,29,17648,41162
2023-10-24 13:58:17,26,29,17648,41162
2023-10-24 13:58:22,27,29,17648,41162
2023-10-24 13:58:23,26,29,17648,41162
2023-10-24 13:58:24,27,29,17648,41162
2023-10-24 13:58:25,27,30,17648,41162
2023-10-24 13:58:27,28,30,17648,41162
2023-10-24 13:58:27,29,30,17648,41162
2023-10-24 13:58:27,29,31,17648,41162
2023-10-24 13:58:35,29,32,17648,41162
2023-10-24 13:58:40,30,32,17648,41162
2023-10-24 13:58:46,30,33,17648,41162
2023-10-24 13:58:46,31,33,17648,41162
2023-10-24 13:59:09,31,34,17648,41162
2023-10-24 13:59:10,33,34,17648,41162
2023-10-24 13:59:10,33,35,17648,41162
2023-10-24 13:59:10,34,35,17648,41162
2023-10-24 13:59:19,35,36,17648,41182
2023-10-24 13:59:27,34,36,17648,41182
2023-10-24 13:59:50,35,36,17648,41182
2023-10-24 14:00:02,34,36,17648,41182
2023-10-24 14:00:10,35,36,17648,41182
2023-10-24 14:00:11,35,36,17648,41382
2023-10-24 14:00:11,35,37,17648,41382
2023-10-24 14:00:11,36,37,17648,41382
2023-10-24 14:00:12,36,38,17648,41382
2023-10-24 14:00:12,37,38,17648,41382
2023-10-24 14:00:14,36,38,17648,41382
2023-10-24 14:00:17,37,38,17648,41382
2023-10-24 14:00:17,36,38,17648,41382
2023-10-24 14:00:19,35,38,17648,41382
2023-10-24 14:00:19,37,38,17648,41382
2023-10-24 14:00:22,35,38,17648,41382
2023-10-24 14:00:23,37,38,17648,41382
2023-10-24 14:00:25,35,38,17648,41382
2023-10-24 14:00:44,34,38,17648,41382
2023-10-24 14:00:44,34,37,17648,41382
2023-10-24 14:00:52,34,36,17648,41382
2023-10-24 14:00:52,33,36,17648,41382
2023-10-24 14:01:02,33,35,17648,41382
2023-10-24 14:01:13,31,35,17648,41382
2023-10-24 14:01:18,32,35,17648,41382
2023-10-24 14:01:21,33,35,17648,41382
2023-10-24 14:01:28,33,36,17648,41382
2023-10-24 14:01:29,33,37,17648,41382
2023-10-24 14:01:29,33,36,17648,41382
2023-10-24 14:01:31,34,36,17648,41382
2023-10-24 14:01:33,35,36,17648,41382
2023-10-24 14:01:33,35,36,17648,41398
2023-10-24 14:01:34,35,37,17648,41398
2023-10-24 14:01:35,35,37,17648,41598
2023-10-24 14:01:35,36,37,17648,41598
2023-10-24 14:01:35,36,39,17648,41598
2023-10-24 14:01:36,36,38,17648,41598
2023-10-24 14:01:37,37,38,17648,41598
2023-10-24 14:01:44,38,39,17648,41628
2023-10-24 14:01:44,38,39,17648,41658
2023-10-24 14:01:44,38,40,17648,41658
2023-10-24 14:01:45,39,40,17648,41658
2023-10-24 14:01:45,39,40,17648,41698
2023-10-24 14:01:46,39,40,17648,41699
2023-10-24 14:01:47,39,40,17648,41899
2023-10-24 14:01:47,39,41,17648,41899
2023-10-24 14:01:47,39,40,17648,41899
2023-10-24 14:01:47,39,41,17648,41899
2023-10-24 14:01:47,39,40,17648,41899
2023-10-24 14:01:47,39,41,17648,41899
2023-10-24 14:01:47,39,41,17648,41909
2023-10-24 14:02:02,38,41,17648,41909
2023-10-24 14:02:07,37,41,17648,41909
2023-10-24 14:02:08,37,40,17648,41909
2023-10-24 14:02:12,38,40,17648,41909
2023-10-24 14:02:12,38,41,17648,41909
2023-10-24 14:02:18,40,41,17648,41909
2023-10-24 14:02:34,38,41,17648,41909
2023-10-24 14:02:35,37,41,17648,41909
2023-10-24 14:02:35,37,40,17648,41909
2023-10-24 14:02:36,36,40,17648,41909
2023-10-24 14:02:37,36,39,17648,41909
2023-10-24 14:02:38,36,38,17648,41909
2023-10-24 14:02:38,36,37,17648,41909
2023-10-24 14:02:38,35,37,17648,41909
2023-10-24 14:02:38,34,37,17648,41909
2023-10-24 14:02:38,35,37,17648,41909
2023-10-24 14:02:51,35,38,17648,41909
2023-10-24 14:02:54,36,38,17648,41909
2023-10-24 14:03:01,36,39,17648,41909
2023-10-24 14:03:24,37,39,17648,41909
2023-10-24 14:03:24,37,40,17648,41909
2023-10-24 14:03:29,38,40,17648,41909
2023-10-24 14:03:35,37,40,17648,41909
2023-10-24 14:03:43,36,40,17648,41909
2023-10-24 14:03:44,36,39,17648,41909
2023-10-24 14:03:51,36,38,17648,41909
2023-10-24 14:04:00,34,38,17648,41909
2023-10-24 14:04:00,35,38,17648,41909
2023-10-24 14:04:04,32,38,17648,42109
2023-10-24 14:04:04,32,36,17648,42109
2023-10-24 14:04:05,33,36,17648,42109
2023-10-24 14:04:41,32,36,17648,42109
2023-10-24 14:04:42,32,35,17648,42109
2023-10-24 14:04:55,31,35,17648,42109
2023-10-24 14:04:58,32,35,17648,42109
2023-10-24 14:05:03,32,36,17648,42109
2023-10-24 14:05:08,33,36,17648,42109
2023-10-24 14:05:10,34,36,17648,42109
2023-10-24 14:05:11,34,37,17648,42109
2023-10-24 14:05:22,35,37,17648,42109
2023-10-24 14:05:22,35,38,17648,42109
2023-10-24 14:05:23,36,38,17648,42109
2023-10-24 14:05:25,35,38,17648,42109
2023-10-24 14:05:26,36,38,17648,42109
2023-10-24 14:05:36,35,38,17648,42109
2023-10-24 14:05:41,36,38,17648,42109
2023-10-24 14:05:48,35,38,17648,42109
2023-10-24 14:06:09,36,38,17648,42109
2023-10-24 14:06:10,36,39,17648,42109
2023-10-24 14:06:12,37,39,17648,42109
2023-10-24 14:06:12,37,39,17648,42124
2023-10-24 14:06:31,38,39,17648,42124
2023-10-24 14:06:32,38,40,17648,42124
2023-10-24 14:06:32,39,40,17648,42124
2023-10-24 14:06:34,38,40,17648,42124
2023-10-24 14:06:35,39,40,17648,42124
2023-10-24 14:06:35,39,40,17648,42136
2023-10-24 14:06:37,39,40,17648,42336
2023-10-24 14:06:37,39,40,17648,42355
2023-10-24 14:06:37,39,41,17648,42355
2023-10-24 14:06:38,40,41,17648,42355
2023-10-24 14:06:40,39,41,17648,42355
2023-10-24 14:06:41,40,41,17648,42355
2023-10-24 14:06:43,39,41,17648,42355
2023-10-24 14:06:45,40,41,17648,42355
2023-10-24 14:06:46,40,42,17648,42355
2023-10-24 14:06:47,41,42,17648,42355
2023-10-24 14:06:48,41,42,17649,42356
2023-10-24 14:06:49,39,42,17649,42356
2023-10-24 14:07:19,41,42,17649,42356
2023-10-24 14:07:19,41,42,17649,42567
2023-10-24 14:07:23,41,42,17649,42578
2023-10-24 14:07:25,41,42,17649,42596
2023-10-24 14:07:28,41,42,17649,42609
2023-10-24 14:07:30,41,42,17649,42627
2023-10-24 14:07:32,41,42,17649,42637
2023-10-24 14:07:34,41,43,17649,42637
2023-10-24 14:07:37,41,43,17649,42654
2023-10-24 14:07:41,41,43,17649,42673
2023-10-24 14:07:43,41,43,17649,42683
2023-10-24 14:07:45,41,43,17649,42699
2023-10-24 14:07:46,41,43,17594,42754
2023-10-24 14:07:47,41,44,17594,42754
2023-10-24 14:07:47,41,44,17594,42766
2023-10-24 14:07:48,42,44,17594,42766
2023-10-24 14:07:48,42,44,17594,42771
2023-10-24 14:08:07,43,44,17594,42771
2023-10-24 14:08:07,43,44,17594,42778
2023-10-24 14:08:11,42,44,17594,42778
2023-10-24 14:08:16,42,44,17594,42838
2023-10-24 14:08:18,42,44,17594,42850
2023-10-24 14:08:22,41,44,17594,42850
2023-10-24 14:08:27,40,44,17594,42850
2023-10-24 14:08:41,41,44,17594,42850
2023-10-24 14:08:43,42,44,17594,42850
2023-10-24 14:08:57,43,44,17594,42850
2023-10-24 14:09:00,41,44,17594,42850
2023-10-24 14:09:03,40,44,17594,42850
2023-10-24 14:09:08,41,44,17594,42850
2023-10-24 14:09:19,40,44,17594,42850
2023-10-24 14:09:25,40,42,17594,42850
2023-10-24 14:09:35,40,41,17594,42850
2023-10-24 14:09:44,39,41,17594,42850
2023-10-24 14:10:18,39,40,17594,42850
2023-10-24 14:10:18,37,40,17594,42850
2023-10-24 14:10:18,38,40,17594,42850
2023-10-24 14:10:26,38,39,17594,42850
2023-10-24 14:10:26,36,39,17594,42850
2023-10-24 14:10:26,37,39,17594,42850
2023-10-24 14:10:33,37,40,17594,42850
2023-10-24 14:10:36,37,39,17594,42850
2023-10-24 14:10:53,37,40,17594,42850
2023-10-24 14:10:54,36,40,17594,42850
2023-10-24 14:10:54,38,40,17594,42850
2023-10-24 14:10:55,38,41,17594,42850
2023-10-24 14:11:00,39,41,17594,42850
2023-10-24 14:11:00,39,42,17594,42850
2023-10-24 14:11:02,39,41,17594,42850
2023-10-24 14:11:04,38,41,17594,42850
2023-10-24 14:11:10,39,41,17594,42850
2023-10-24 14:11:13,39,42,17594,42850
2023-10-24 14:11:34,39,41,17594,42850
2023-10-24 14:11:34,37,41,17594,42850
2023-10-24 14:11:34,38,41,17594,42850
2023-10-24 14:11:39,38,40,17594,42850
2023-10-24 14:11:45,38,40,17594,43050
2023-10-24 14:11:45,35,40,17594,43250
2023-10-24 14:11:45,34,40,17594,43250
2023-10-24 14:11:45,35,40,17594,43250
2023-10-24 14:11:45,34,40,17594,43250
2023-10-24 14:11:45,34,39,17594,43250
2023-10-24 14:11:46,34,37,17594,43250
2023-10-24 14:11:46,34,36,17594,43250
2023-10-24 14:11:46,33,36,17594,43250
2023-10-24 14:11:48,32,36,17594,43250
2023-10-24 14:11:52,32,35,17594,43250
2023-10-24 14:11:56,32,34,17594,43250
2023-10-24 14:12:01,32,35,17594,43250
2023-10-24 14:12:07,32,36,17594,43250
2023-10-24 14:12:09,32,37,17594,43250
2023-10-24 14:12:09,32,36,17594,43250
2023-10-24 14:12:09,33,36,17594,43250
2023-10-24 14:12:15,32,36,17594,43250
2023-10-24 14:12:18,33,36,17594,43250
2023-10-24 14:12:33,32,36,17594,43250
2023-10-24 14:12:36,33,36,17594,43250
2023-10-24 14:12:38,32,36,17594,43250
2023-10-24 14:12:39,33,36,17594,43250
2023-10-24 14:12:44,32,36,17594,43250
2023-10-24 14:12:44,33,36,17594,43250
2023-10-24 14:12:48,32,36,17594,43250
2023-10-24 14:12:50,32,35,17594,43250
2023-10-24 14:12:51,32,34,17594,43250
2023-10-24 14:12:56,32,33,17594,43250
2023-10-24 14:12:56,31,33,17594,43250
2023-10-24 14:12:58,31,32,17594,43250
2023-10-24 14:13:00,30,32,17594,43250
2023-10-24 14:13:00,31,32,17594,43250
2023-10-24 14:13:00,30,32,17594,43250
2023-10-24 14:13:04,29,32,17594,43250
2023-10-24 14:13:05,29,31,17594,43250
2023-10-24 14:13:06,29,32,17594,43250
2023-10-24 14:13:06,30,32,17594,43250
2023-10-24 14:13:08,30,31,17594,43250
2023-10-24 14:13:09,29,31,17594,43250
2023-10-24 14:13:09,29,30,17594,43250
2023-10-24 14:13:13,30,31,17593,43251
2023-10-24 14:13:14,30,32,17593,43251
2023-10-24 14:13:29,30,31,17593,43251
2023-10-24 14:13:29,28,31,17593,43251
2023-10-24 14:13:29,29,31,17593,43251
2023-10-24 14:13:34,29,32,17593,43251
2023-10-24 14:13:34,30,32,17593,43251
2023-10-24 14:13:42,30,33,17593,43251
2023-10-24 14:13:45,31,33,17593,43251
2023-10-24 14:13:51,31,34,17593,43251
2023-10-24 14:13:54,32,34,17593,43251
2023-10-24 14:14:03,32,35,17593,43251
2023-10-24 14:14:10,33,35,17593,43251
2023-10-24 14:14:12,34,36,17593,43251
2023-10-24 14:14:14,33,36,17593,43251
2023-10-24 14:14:15,33,37,17593,43251
2023-10-24 14:14:15,34,37,17593,43251
2023-10-24 14:14:16,35,37,17593,43251
2023-10-24 14:14:32,35,38,17593,43251
2023-10-24 14:14:33,36,38,17593,43251
2023-10-24 14:14:45,37,38,17593,43251
2023-10-24 14:14:45,37,39,17593,43251
2023-10-24 14:14:54,38,39,17593,43251
2023-10-24 14:14:54,38,40,17593,43251
2023-10-24 14:14:54,38,40,17593,43263
2023-10-24 14:14:59,37,40,17593,43263
2023-10-24 14:14:59,37,39,17593,43263
2023-10-24 14:15:00,38,39,17593,43263
2023-10-24 14:15:02,38,40,17593,43263
2023-10-24 14:15:02,38,40,17593,43274
2023-10-24 14:15:04,38,40,17593,43291
2023-10-24 14:15:05,38,40,17593,43305
2023-10-24 14:15:07,38,40,17593,43315
2023-10-24 14:15:09,38,40,17593,43334
2023-10-24 14:15:11,38,40,17593,43348
2023-10-24 14:15:18,38,41,17593,43348
2023-10-24 14:15:25,39,41,17593,43348
2023-10-24 14:15:25,39,41,17593,43364
2023-10-24 14:15:27,38,41,17593,43364
2023-10-24 14:15:31,39,41,17593,43364
2023-10-24 14:15:33,40,41,17593,43364
2023-10-24 14:15:34,39,41,17593,43364
2023-10-24 14:15:35,38,41,17593,43364
2023-10-24 14:15:45,39,41,17593,43364
2023-10-24 14:15:46,38,41,17593,43364
2023-10-24 14:15:47,39,41,17593,43364
2023-10-24 14:15:53,38,41,17593,43364
2023-10-24 14:15:55,39,41,17593,43364
2023-10-24 14:15:56,38,41,17593,43364
2023-10-24 14:15:58,39,41,17593,43364
2023-10-24 14:16:01,38,41,17593,43364
2023-10-24 14:16:10,36,41,17593,43364
2023-10-24 14:16:18,36,39,17593,43364
2023-10-24 14:16:25,37,39,17593,43364
2023-10-24 14:16:25,37,40,17593,43364
2023-10-24 14:16:33,36,40,17593,43364
2023-10-24 14:16:33,36,39,17593,43364
2023-10-24 14:16:58,36,40,17593,43364
2023-10-24 14:17:07,35,40,17593,43364
2023-10-24 14:17:07,35,39,17593,43364
2023-10-24 14:17:08,34,39,17593,43364
2023-10-24 14:17:08,34,38,17593,43364
2023-10-24 14:17:13,33,38,17593,43364
2023-10-24 14:17:14,33,37,17593,43364
2023-10-24 14:17:16,33,36,17593,43364
2023-10-24 14:17:16,32,36,17593,43364
2023-10-24 14:17:18,32,37,17593,43364
2023-10-24 14:17:18,33,37,17593,43364
2023-10-24 14:17:20,33,36,17593,43364
2023-10-24 14:17:23,33,35,17593,43364
2023-10-24 14:17:23,32,35,17593,43364
2023-10-24 14:17:27,33,35,17593,43364
2023-10-24 14:17:29,32,35,17593,43364
2023-10-24 14:17:40,30,32,17593,43526
2023-10-24 14:17:48,30,33,17593,43526
2023-10-24 14:17:48,31,33,17593,43526
2023-10-24 14:17:53,31,32,17593,43526
2023-10-24 14:17:54,31,33,17593,43526
2023-10-24 14:17:56,31,32,17593,43526
2023-10-24 14:18:01,30,32,17593,43526
2023-10-24 14:18:07,30,33,17593,43526
2023-10-24 14:18:08,30,32,17593,43526
2023-10-24 14:18:13,30,33,17593,43526
2023-10-24 14:18:13,31,33,17593,43526
2023-10-24 14:18:14,30,33,17593,43526
2023-10-24 14:18:15,31,33,17593,43526
2023-10-24 14:18:21,32,33,17593,43526
2023-10-24 14:18:26,32,35,17593,43526
2023-10-24 14:18:26,32,34,17593,43526
2023-10-24 14:18:28,32,35,17593,43526
2023-10-24 14:18:29,32,36,17593,43526
2023-10-24 14:18:29,32,35,17593,43526
2023-10-24 14:18:31,33,35,17593,43526
2023-10-24 14:18:43,33,36,17593,43526
2023-10-24 14:18:45,33,35,17593,43526
2023-10-24 14:18:46,34,35,17593,43526
2023-10-24 14:18:56,33,35,17593,43526
2023-10-24 14:19:03,34,35,17593,43526
2023-10-24 14:19:05,34,37,17593,43526
2023-10-24 14:19:09,34,36,17593,43526
2023-10-24 14:19:25,33,36,17593,43526
2023-10-24 14:19:25,33,35,17593,43526
2023-10-24 14:19:36,34,35,17593,43526
2023-10-24 14:19:45,34,37,17593,43526
2023-10-24 14:19:46,34,36,17593,43526
2023-10-24 14:19:50,36,37,17593,43677
2023-10-24 14:19:50,36,38,17593,43677
2023-10-24 14:19:58,36,39,17593,43677
2023-10-24 14:20:01,37,39,17593,43677
2023-10-24 14:20:02,36,39,17593,43677
2023-10-24 14:20:07,36,38,17593,43677
2023-10-24 14:20:09,34,38,17593,43677
2023-10-24 14:20:14,34,37,17593,43677
2023-10-24 14:20:17,34,38,17593,43677
2023-10-24 14:20:27,34,37,17593,43677
2023-10-24 14:20:29,33,37,17593,43677
2023-10-24 14:20:35,34,37,17593,43677
2023-10-24 14:20:36,34,38,17593,43677
2023-10-24 14:20:36,35,38,17593,43677
2023-10-24 14:20:40,36,38,17593,43677
2023-10-24 14:20:40,36,39,17593,43677
2023-10-24 14:20:54,35,39,17593,43677
2023-10-24 14:20:55,35,38,17593,43677
2023-10-24 14:21:12,34,38,17593,43677
2023-10-24 14:21:14,34,37,17593,43677
2023-10-24 14:21:15,33,37,17593,43677
2023-10-24 14:21:16,34,37,17593,43677
2023-10-24 14:21:19,33,37,17593,43677
2023-10-24 14:21:20,34,37,17593,43677
2023-10-24 14:21:23,33,37,17593,43677
2023-10-24 14:21:29,33,36,17593,43677
2023-10-24 14:21:29,32,36,17593,43677
2023-10-24 14:21:34,33,36,17593,43677
2023-10-24 14:21:46,33,37,17593,43677
2023-10-24 14:21:47,34,37,17593,43677
2023-10-24 14:21:47,34,38,17593,43677
2023-10-24 14:21:51,35,38,17593,43677
2023-10-24 14:22:00,35,39,17593,43677
2023-10-24 14:22:04,36,39,17593,43677
2023-10-24 14:22:05,35,39,17593,43677
2023-10-24 14:22:14,36,39,17593,43677
2023-10-24 14:22:30,37,39,17593,43677
2023-10-24 14:22:33,37,40,17593,43677
2023-10-24 14:22:42,38,40,17593,43677
2023-10-24 14:22:44,39,40,17593,43677
2023-10-24 14:22:44,39,41,17593,43677
2023-10-24 14:22:46,38,41,17593,43677
2023-10-24 14:22:47,39,41,17593,43677
2023-10-24 14:22:52,40,41,17593,43677
2023-10-24 14:22:52,40,41,17593,43697
2023-10-24 14:22:52,40,42,17593,43697
2023-10-24 14:23:06,41,42,17593,43697
2023-10-24 14:23:06,41,42,17593,43707
2023-10-24 14:23:08,41,43,17593,43707
2023-10-24 14:23:10,42,43,17593,43707
2023-10-24 14:23:10,42,43,17593,43710
2023-10-24 14:23:19,41,43,17593,43710
2023-10-24 14:23:24,42,43,17593,43710
2023-10-24 14:23:25,42,43,17593,43910
2023-10-24 14:23:25,42,44,17593,43910
2023-10-24 14:23:29,43,44,17593,43910
2023-10-24 14:23:33,43,44,17593,44110
2023-10-24 14:23:33,43,45,17593,44110
2023-10-24 14:23:34,42,45,17593,44110
2023-10-24 14:23:37,42,44,17593,44110
2023-10-24 14:23:38,41,44,17593,44110
2023-10-24 14:24:05,42,44,17593,44110
2023-10-24 14:24:05,43,44,17593,44110
2023-10-24 14:24:05,43,45,17593,44110
2023-10-24 14:24:07,43,46,17593,44110
2023-10-24 14:24:13,44,46,17593,44110
2023-10-24 14:24:33,45,46,17593,44110
2023-10-24 14:24:33,45,46,17593,44124
2023-10-24 14:24:35,45,47,17593,44324
2023-10-24 14:24:35,45,48,17593,44324
2023-10-24 14:24:39,47,48,17593,44324
2023-10-24 14:24:45,47,48,17493,44424
2023-10-24 14:25:04,47,50,17493,44424
2023-10-24 14:25:04,47,48,17493,44424
2023-10-24 14:25:04,47,49,17493,44424
2023-10-24 14:25:04,47,48,17493,44424
2023-10-24 14:25:08,47,49,17493,44424
2023-10-24 14:25:08,47,48,17493,44424
2023-10-24 14:25:08,47,49,17493,44424
2023-10-24 14:25:09,47,48,17493,44424
2023-10-24 14:25:10,48,49,17493,44444
2023-10-24 14:25:10,48,49,17493,44460
2023-10-24 14:25:11,48,50,17493,44460
2023-10-24 14:25:12,49,50,17493,44460
2023-10-24 14:25:12,49,50,17692,44660
2023-10-24 14:25:13,49,52,17692,44660
2023-10-24 14:25:13,49,51,17692,44660
2023-10-24 14:25:14,48,51,17692,44660
2023-10-24 14:25:17,48,50,17692,44660
2023-10-24 14:25:17,48,49,17692,44660
2023-10-24 14:25:18,47,49,17692,44710
2023-10-24 14:25:30,47,50,17692,44710
2023-10-24 14:25:32,48,49,17692,44710
2023-10-24 14:25:32,48,51,17692,44710
2023-10-24 14:25:33,48,50,17692,44710
2023-10-24 14:25:45,49,50,17692,44710
2023-10-24 14:25:45,49,52,17692,44710
2023-10-24 14:25:46,49,51,17692,44710
2023-10-24 14:25:47,50,51,17692,44710
2023-10-24 14:25:47,50,51,17704,44722
2023-10-24 14:25:48,51,52,17734,44752
2023-10-24 14:25:52,50,52,17734,44752
2023-10-24 14:25:59,51,52,17734,44752
2023-10-24 14:26:00,50,52,17734,44752
2023-10-24 14:26:08,51,52,17734,44752
2023-10-24 14:26:09,50,52,17734,44752
2023-10-24 14:26:11,51,52,17734,44752
2023-10-24 14:26:26,52,53,17834,44852
2023-10-24 14:26:26,51,53,17934,44952
2023-10-24 14:26:27,51,54,17934,44952
2023-10-24 14:26:31,50,54,17934,44952
2023-10-24 14:26:32,51,54,17934,44952
2023-10-24 14:26:42,52,54,17934,44952
2023-10-24 14:26:50,53,54,17934,44952
2023-10-24 14:26:50,53,56,17934,44952
2023-10-24 14:26:50,53,55,17934,44952
2023-10-24 14:26:51,53,54,17934,44952
2023-10-24 14:27:16,52,54,17934,44952
2023-10-24 14:27:17,52,55,17934,44952
2023-10-24 14:27:26,52,56,17934,44952
2023-10-24 14:27:26,50,55,17934,44952
2023-10-24 14:27:26,50,54,17934,44952
2023-10-24 14:27:31,51,54,17934,44952
2023-10-24 14:27:47,51,53,17934,44952
2023-10-24 14:27:56,50,53,17934,44952
2023-10-24 14:27:57,51,53,17934,44952
2023-10-24 14:27:59,50,53,17934,44952
2023-10-24 14:28:00,51,53,17934,44952
2023-10-24 14:28:03,50,53,17934,44952
2023-10-24 14:28:04,51,53,17934,44952
2023-10-24 14:28:16,50,53,17934,44952
2023-10-24 14:28:17,51,53,17934,44952
2023-10-24 14:28:22,52,53,17934,44952
2023-10-24 14:28:23,51,53,17934,44952
2023-10-24 14:28:24,52,53,17934,44952
2023-10-24 14:28:27,52,54,17934,44952
2023-10-24 14:28:31,53,54,17934,44952
2023-10-24 14:28:31,53,54,17948,44966
2023-10-24 14:28:32,53,54,17958,44980
2023-10-24 14:28:32,53,56,17958,44980
2023-10-24 14:28:33,54,56,17958,44980
2023-10-24 14:28:34,53,54,17958,44994
2023-10-24 14:28:39,53,56,17958,44994
2023-10-24 14:28:39,55,56,17958,44994
2023-10-24 14:28:39,55,56,17966,45002
2023-10-24 14:28:40,55,57,17966,45002
2023-10-24 14:28:40,55,58,17966,45002
2023-10-24 14:28:40,55,57,17966,45002
2023-10-24 14:28:41,55,57,18166,45202
2023-10-24 14:28:42,54,57,18166,45202
2023-10-24 14:28:44,54,56,18166,45202
2023-10-24 14:28:51,55,56,18166,45202
2023-10-24 14:29:17,56,57,18166,45302
2023-10-24 14:29:17,56,58,18166,45302
2023-10-24 14:29:17,56,59,18166,45302
2023-10-24 14:29:17,56,58,18166,45302
2023-10-24 14:29:18,55,58,18166,45302
2023-10-24 14:29:21,56,58,18166,45302
2023-10-24 14:29:26,55,58,18166,45302
2023-10-24 14:29:30,56,58,18166,45302
2023-10-24 14:29:36,56,58,18226,45362
2023-10-24 14:29:36,56,57,18226,45362
2023-10-24 14:29:37,56,58,18226,45362
2023-10-24 14:29:38,56,59,18226,45362
2023-10-24 14:29:40,56,58,18226,45362
2023-10-24 14:29:42,56,58,18242,45378
2023-10-24 14:29:42,56,59,18242,45378
2023-10-24 14:29:43,56,58,18242,45378
2023-10-24 14:29:53,57,58,18242,45378
2023-10-24 14:29:53,57,58,18352,45488
2023-10-24 14:29:53,57,59,18352,45488
2023-10-24 14:29:54,56,59,18352,45488
2023-10-24 14:29:58,57,59,18352,45488
2023-10-24 14:29:58,57,59,18352,45493
2023-10-24 14:30:00,57,59,18357,45498
2023-10-24 14:30:00,58,59,18357,45498
2023-10-24 14:30:00,58,60,18357,45498
2023-10-24 14:30:01,60,61,18447,45588
2023-10-24 14:30:01,61,63,18497,45638
2023-10-24 14:30:01,61,63,18507,45648
2023-10-24 14:30:02,60,63,18507,45648
2023-10-24 14:30:02,61,63,18507,45648
2023-10-24 14:30:02,61,63,18507,45653
2023-10-24 14:30:04,61,63,18507,45658
2023-10-24 14:30:06,61,63,18507,45664
2023-10-24 14:30:06,61,63,18507,45669
2023-10-24 14:30:08,61,63,18507,45674
2023-10-24 14:30:10,61,63,18507,45679
2023-10-24 14:30:10,61,63,18257,45929
2023-10-24 14:30:12,61,63,18257,45932
2023-10-24 14:30:14,61,62,18257,45932
2023-10-24 14:30:14,61,62,18257,45937
2023-10-24 14:30:14,60,62,18257,45937
2023-10-24 14:30:16,60,62,18262,45942
2023-10-24 14:30:16,60,62,18262,46009
2023-10-24 14:30:17,59,62,18083,46188
2023-10-24 14:30:18,58,62,18083,46188
2023-10-24 14:30:18,58,61,18083,46188
2023-10-24 14:30:20,57,61,18083,46188
2023-10-24 14:30:26,58,61,18083,46188
2023-10-24 14:30:26,58,62,18083,46188
2023-10-24 14:30:30,57,62,18083,46188
2023-10-24 14:30:31,59,62,18083,46188
2023-10-24 14:30:34,57,62,18083,46188
2023-10-24 14:30:35,57,60,18083,46188
2023-10-24 14:30:45,58,60,18083,46188
2023-10-24 14:30:45,58,62,18083,46188
2023-10-24 14:30:46,59,62,18083,46188
2023-10-24 14:30:47,59,61,18083,46188
2023-10-24 14:30:56,59,63,18083,46188
2023-10-24 14:30:57,60,63,18083,46188
2023-10-24 14:30:57,60,64,18083,46188
2023-10-24 14:31:00,60,63,18083,46188
2023-10-24 14:31:01,61,63,18083,46188
2023-10-24 14:31:05,60,63,18083,46188
2023-10-24 14:31:11,61,63,18083,46188
2023-10-24 14:31:15,60,63,18083,46188
2023-10-24 14:31:17,59,63,18083,46188
2023-10-24 14:31:20,60,63,18083,46188
2023-10-24 14:31:20,60,63,18111,46216
2023-10-24 14:31:22,60,63,18121,46226
2023-10-24 14:31:24,60,63,18137,46242
2023-10-24 14:31:26,60,63,18155,46260
2023-10-24 14:31:27,59,63,18155,46260
2023-10-24 14:31:35,60,63,18155,46260
2023-10-24 14:31:35,60,63,18173,46278
2023-10-24 14:31:37,59,63,18173,46278
2023-10-24 14:31:37,59,60,18173,46278
2023-10-24 14:32:07,59,60,18186,46478
2023-10-24 14:32:12,61,64,18186,46491
2023-10-24 14:32:24,62,64,18186,46491
2023-10-24 14:32:25,62,65,18186,46491
2023-10-24 14:32:26,63,65,18186,46491
2023-10-24 14:32:28,63,65,18189,46494
2023-10-24 14:32:29,63,66,18189,46494
2023-10-24 14:32:30,65,66,18189,46494
2023-10-24 14:32:31,64,66,18189,46494
2023-10-24 14:32:39,64,67,18189,46494
2023-10-24 14:32:40,65,67,18189,46494
2023-10-24 14:32:47,67,69,18189,46594
2023-10-24 14:32:47,67,69,18229,46634
2023-10-24 14:32:47,67,68,18229,46634
2023-10-24 14:32:48,68,72,18259,46664
2023-10-24 14:32:48,69,72,18259,46664
2023-10-24 14:32:48,69,70,18259,46664
2023-10-24 14:32:49,68,70,18259,46664
2023-10-24 14:32:49,69,70,18259,46664
2023-10-24 14:32:49,69,71,18259,46664
2023-10-24 14:32:49,70,71,18259,46664
2023-10-24 14:33:02,71,73,18264,46669
2023-10-24 14:33:08,71,74,18264,46669
2023-10-24 14:33:08,72,74,18264,46669
2023-10-24 14:33:13,72,74,18268,46673
2023-10-24 14:33:15,72,74,18268,46923
2023-10-24 14:33:18,71,74,18360,47069
2023-10-24 14:33:23,71,72,18360,47069
2023-10-24 14:33:34,69,72,18560,47269
2023-10-24 14:33:37,68,72,18560,47269
2023-10-24 14:33:50,68,71,18560,47269
2023-10-24 14:33:50,67,71,18560,47269
2023-10-24 14:34:06,67,71,18560,47273
2023-10-24 14:34:09,67,71,18555,47278
2023-10-24 14:34:14,67,70,18555,47278
2023-10-24 14:34:14,66,70,18555,47278
2023-10-24 14:34:14,66,70,18555,47278
2023-10-24 14:34:15,66,69,18555,47278
2023-10-24 14:34:20,66,70,18555,47278
2023-10-24 14:34:24,66,69,18555,47278
2023-10-24 14:34:29,66,70,18555,47278
2023-10-24 14:34:33,66,69,18555,47278
2023-10-24 14:34:36,66,70,18555,47278
2023-10-24 14:34:40,66,70,18555,47282
2023-10-24 14:34:52,66,68,18555,47282
2023-10-24 14:34:54,63,68,18555,47282
2023-10-24 14:34:54,65,68,18555,47282
2023-10-24 14:35:06,65,69,18555,47282
2023-10-24 14:35:06,65,70,18555,47282
2023-10-24 14:35:08,64,70,18555,47282
2023-10-24 14:35:08,66,70,18555,47282
2023-10-24 14:35:18,65,70,18555,47282
2023-10-24 14:35:18,67,70,18555,47282
2023-10-24 14:35:18,67,71,18555,47282
2023-10-24 14:35:29,67,70,18555,47282
2023-10-24 14:35:39,66,70,18555,47292
2023-10-24 14:35:39,66,71,18555,47292
2023-10-24 14:35:40,67,71,18555,47292
2023-10-24 14:35:47,67,71,18555,47297
2023-10-24 14:35:48,67,72,18555,47297
2023-10-24 14:35:53,68,72,18555,47297
2023-10-24 14:36:26,66,72,18555,47297
2023-10-24 14:36:26,67,72,18555,47297
2023-10-24 14:36:27,65,72,18555,47297
2023-10-24 14:36:27,67,72,18555,47297
2023-10-24 14:36:31,67,71,18555,47297
2023-10-24 14:36:33,67,72,18555,47297
2023-10-24 14:36:34,67,70,18555,47297
2023-10-24 14:36:34,64,70,18555,47297
2023-10-24 14:36:34,64,65,18555,47297
2023-10-24 14:36:34,66,70,18555,47302
2023-10-24 14:36:38,66,70,18555,47312
2023-10-24 14:36:44,66,69,18555,47312
2023-10-24 14:36:50,63,69,18555,47317
2023-10-24 14:36:51,64,69,18555,47317
2023-10-24 14:36:52,63,69,18555,47317
2023-10-24 14:36:52,65,69,18555,47317
2023-10-24 14:36:55,65,68,18555,47317
2023-10-24 14:37:02,65,66,18555,47317
2023-10-24 14:37:02,62,66,18555,47317
2023-10-24 14:37:02,61,66,18555,47317
2023-10-24 14:37:02,64,66,18555,47317
2023-10-24 14:37:02,64,65,18555,47317
2023-10-24 14:37:04,64,65,18555,47327
2023-10-24 14:37:06,61,65,18555,47337
2023-10-24 14:37:06,62,65,18555,47337
2023-10-24 14:37:08,62,65,18555,47347
2023-10-24 14:37:15,61,65,18555,47347
2023-10-24 14:37:16,62,65,18555,47347
2023-10-24 14:37:21,61,65,18555,47347
2023-10-24 14:37:21,62,65,18555,47347
2023-10-24 14:37:25,63,65,18555,47347
2023-10-24 14:37:26,65,68,18555,47357
2023-10-24 14:37:36,65,69,18555,47357
2023-10-24 14:37:37,63,69,18555,47357
2023-10-24 14:37:37,64,69,18555,47357
2023-10-24 14:37:37,66,69,18555,47357
2023-10-24 14:37:45,66,68,18555,47357
2023-10-24 14:37:45,62,68,18555,47357
2023-10-24 14:37:45,65,68,18555,47357
2023-10-24 14:38:04,63,68,18555,47357
2023-10-24 14:38:04,64,68,18555,47357
2023-10-24 14:38:04,66,68,18555,47357
2023-10-24 14:38:15,62,68,18555,47357
2023-10-24 14:38:15,65,68,18555,47357
2023-10-24 14:38:22,63,68,18555,47357
2023-10-24 14:38:22,66,68,18555,47357
2023-10-24 14:38:24,66,70,18555,47357
2023-10-24 14:38:27,66,68,18555,47357
2023-10-24 14:38:29,66,68,18557,47359
2023-10-24 14:38:29,66,68,18558,47360
2023-10-24 14:38:34,66,67,18558,47360
2023-10-24 14:38:37,62,67,18558,47360
2023-10-24 14:38:37,65,67,18558,47360
2023-10-24 14:39:02,65,68,18558,47360
2023-10-24 14:39:04,65,67,18558,47360
2023-10-24 14:39:05,61,67,18558,47360
2023-10-24 14:39:05,64,67,18558,47360
2023-10-24 14:39:08,64,66,18558,47360
2023-10-24 14:39:15,60,64,18538,47380
2023-10-24 14:39:15,59,64,18538,47380
2023-10-24 14:39:15,60,64,18538,47380
2023-10-24 14:39:15,62,64,18538,47380
2023-10-24 14:39:20,62,66,18538,47380
2023-10-24 14:39:20,59,66,18538,47380
2023-10-24 14:39:20,60,66,18538,47380
2023-10-24 14:39:20,63,66,18538,47380
2023-10-24 14:39:23,63,67,18538,47380
2023-10-24 14:39:27,61,67,18538,47380
2023-10-24 14:39:27,64,67,18538,47380
2023-10-24 14:39:29,64,65,18538,47380
2023-10-24 14:40:12,62,65,18538,47380
2023-10-24 14:40:12,62,65,18538,47410
2023-10-24 14:40:12,63,65,18538,47410
2023-10-24 14:40:21,61,65,18538,47410
2023-10-24 14:40:21,62,65,18538,47410
2023-10-24 14:40:21,61,65,18538,47410
2023-10-24 14:40:22,62,65,18538,47410
2023-10-24 14:40:23,64,65,18538,47410
2023-10-24 14:40:30,64,66,18538,47410
2023-10-24 14:40:32,59,66,18538,47410
2023-10-24 14:40:32,63,66,18538,47410
2023-10-24 14:40:35,63,64,18538,47410
2023-10-24 14:40:49,58,64,18538,47410
2023-10-24 14:40:49,62,64,18538,47410
2023-10-24 14:41:04,58,64,18538,47430
2023-10-24 14:41:04,59,64,18538,47430
2023-10-24 14:41:15,59,65,18538,47430
2023-10-24 14:41:16,59,66,18538,47430
2023-10-24 14:41:18,59,65,18538,47430
2023-10-24 14:41:20,59,66,18538,47430
2023-10-24 14:41:22,60,66,18538,47430
2023-10-24 14:41:24,63,66,18538,47430
2023-10-24 14:41:25,63,67,18538,47430
2023-10-24 14:41:27,63,68,18538,47430
2023-10-24 14:41:27,64,68,18538,47430
2023-10-24 14:41:28,64,68,18538,47435
2023-10-24 14:41:28,64,68,18533,47440
2023-10-24 14:41:29,64,68,18533,47445
2023-10-24 14:41:29,64,67,18533,47445
2023-10-24 14:41:29,64,67,18528,47450
2023-10-24 14:41:47,60,67,18528,47450
2023-10-24 14:41:47,63,67,18528,47450
2023-10-24 14:42:01,63,66,18528,47450
2023-10-24 14:42:05,63,67,18528,47450
2023-10-24 14:42:08,64,67,18528,47450
2023-10-24 14:42:10,64,68,18528,47450
2023-10-24 14:42:17,64,67,18528,47450
2023-10-24 14:42:21,65,67,18528,47450
2023-10-24 14:42:26,63,67,18528,47450
2023-10-24 14:42:26,66,67,18528,47450
2023-10-24 14:42:43,64,67,18528,47450
2023-10-24 14:42:43,64,67,18528,47460
2023-10-24 14:42:43,65,67,18528,47460
2023-10-24 14:43:08,67,70,18528,47475
2023-10-24 14:43:10,67,68,18528,47475
2023-10-24 14:43:46,67,70,18528,47475
2023-10-24 14:44:04,68,70,18528,47475
2023-10-24 14:44:09,68,70,18528,47480
2023-10-24 14:44:17,68,71,18528,47480
2023-10-24 14:44:33,67,71,18528,47480
2023-10-24 14:44:33,69,71,18528,47480
2023-10-24 14:44:35,69,72,18528,47480
2023-10-24 14:44:36,69,72,18528,47486
2023-10-24 14:44:47,69,73,18528,47486
2023-10-24 14:44:47,67,73,18528,47486
2023-10-24 14:44:47,68,73,18528,47486
2023-10-24 14:44:48,70,73,18533,47491
2023-10-24 14:44:48,70,74,18533,47491
2023-10-24 14:44:48,70,74,18528,47496
2023-10-24 14:44:56,70,74,18528,47501
2023-10-24 14:44:57,70,74,18523,47506
2023-10-24 14:44:58,70,74,18523,47511
2023-10-24 14:44:58,69,74,18523,47516
2023-10-24 14:44:58,69,70,18523,47516
2023-10-24 14:44:58,69,74,18518,47521
2023-10-24 14:45:05,70,74,18518,47521
2023-10-24 14:45:26,70,73,18518,47521
2023-10-24 14:45:26,68,73,18518,47521
2023-10-24 14:45:26,68,72,18518,47521
2023-10-24 14:45:26,69,72,18518,47521
2023-10-24 14:45:29,69,73,18518,47521
2023-10-24 14:45:29,69,72,18518,47521
2023-10-24 14:45:36,69,73,18518,47521
2023-10-24 14:45:40,69,73,18518,47526
2023-10-24 14:45:59,70,73,18518,47526
2023-10-24 14:45:59,70,74,18518,47526
2023-10-24 14:46:03,70,75,18518,47526
2023-10-24 14:46:04,71,75,18518,47526
2023-10-24 14:46:20,71,76,18518,47526
2023-10-24 14:46:20,72,76,18518,47526
2023-10-24 14:46:22,72,76,18523,47531
2023-10-24 14:46:22,73,76,18523,47531
2023-10-24 14:46:22,72,76,18518,47536
2023-10-24 14:46:23,72,76,18523,47541
2023-10-24 14:46:23,73,76,18523,47541
2023-10-24 14:46:23,72,76,18518,47546
2023-10-24 14:46:30,72,76,18523,47551
2023-10-24 14:46:31,73,76,18523,47551
2023-10-24 14:46:31,72,76,18518,47556
2023-10-24 14:46:32,72,76,18523,47561
2023-10-24 14:46:32,73,76,18523,47561
2023-10-24 14:46:32,72,76,18518,47566
2023-10-24 14:46:34,72,76,18518,47571
2023-10-24 14:46:37,72,75,18518,47571
2023-10-24 14:46:38,70,75,18518,47571
2023-10-24 14:46:38,71,75,18518,47571
2023-10-24 14:47:03,71,75,18518,47576
2023-10-24 14:47:07,71,76,18518,47576
2023-10-24 14:47:07,71,75,18518,47576
2023-10-24 14:47:07,71,76,18518,47576
2023-10-24 14:47:07,71,75,18518,47576
2023-10-24 14:47:08,71,76,18518,47576
2023-10-24 14:47:08,71,75,18518,47576
2023-10-24 14:47:09,71,76,18518,47576
2023-10-24 14:47:09,71,75,18518,47576
2023-10-24 14:47:10,71,76,18518,47576
2023-10-24 14:47:10,71,75,18518,47576
2023-10-24 14:47:11,71,76,18518,47576
2023-10-24 14:47:11,71,75,18518,47576
2023-10-24 14:47:36,71,75,19018,48076
2023-10-24 14:47:36,72,75,19018,48076
2023-10-24 14:47:40,71,75,19018,48076
2023-10-24 14:47:41,71,74,19018,48076
2023-10-24 14:47:43,70,74,19018,48076
2023-10-24 14:47:43,72,74,19018,48076
2023-10-24 14:47:44,72,75,19018,48076
2023-10-24 14:47:51,73,75,19018,48076
2023-10-24 14:47:52,73,76,19018,48076
2023-10-24 14:47:58,73,74,19018,48076
