datetime,bid,ask,open_interest,volume
2023-01-11 09:32:06,26,38,50,50
2023-01-11 09:33:57,27,38,50,50
2023-01-11 09:37:32,27,44,50,50
2023-01-11 09:37:38,27,39,50,50
2023-01-11 09:38:16,30,39,50,50
2023-01-11 09:39:58,30,39,56,56
2023-01-11 09:40:36,31,39,56,56
2023-01-11 09:41:24,33,39,56,56
2023-01-11 09:41:53,31,39,56,56
2023-01-11 09:41:53,32,39,56,56
2023-01-11 09:41:54,32,38,56,56
2023-01-11 09:42:23,32,37,56,56
2023-01-11 09:42:54,34,37,56,56
2023-01-11 09:42:54,34,39,56,56
2023-01-11 09:43:25,35,39,56,56
2023-01-11 09:43:25,35,40,56,56
2023-01-11 09:43:53,36,40,56,56
2023-01-11 09:43:53,36,42,56,56
2023-01-11 09:44:03,37,42,56,56
2023-01-11 09:46:24,37,44,56,56
2023-01-11 09:46:24,37,43,56,56
2023-01-11 09:46:24,37,41,56,56
2023-01-11 09:47:24,37,43,56,56
2023-01-11 09:47:25,37,42,56,56
2023-01-11 09:47:25,37,40,56,56
2023-01-11 09:48:07,37,40,156,156
2023-01-11 09:48:09,40,42,293,293
2023-01-11 09:48:13,37,42,293,293
2023-01-11 09:48:25,38,42,293,293
2023-01-11 09:48:29,38,43,293,293
2023-01-11 09:48:56,37,43,293,293
2023-01-11 09:49:09,37,42,293,293
2023-01-11 09:49:23,37,43,293,293
2023-01-11 09:49:25,37,42,293,293
2023-01-11 09:49:54,37,44,293,293
2023-01-11 09:49:55,37,43,293,293
2023-01-11 09:50:05,37,43,393,393
2023-01-11 09:50:13,37,43,493,493
2023-01-11 09:50:34,37,41,493,493
2023-01-11 09:50:55,36,41,493,493
2023-01-11 09:51:25,35,41,493,493
2023-01-11 09:51:25,35,39,493,493
2023-01-11 09:52:25,35,40,493,493
2023-01-11 09:53:22,35,41,493,493
2023-01-11 09:53:23,35,39,493,493
2023-01-11 09:53:52,35,40,493,493
2023-01-11 09:53:52,35,38,493,493
2023-01-11 09:53:55,35,38,593,593
2023-01-11 09:53:59,33,38,1493,1493
2023-01-11 09:54:24,33,40,1493,1493
2023-01-11 09:54:24,33,39,1493,1493
2023-01-11 09:54:26,33,37,1493,1493
2023-01-11 09:54:26,33,35,1493,1493
2023-01-11 09:55:29,33,40,1493,1493
2023-01-11 09:55:29,33,38,1493,1493
2023-01-11 09:55:29,33,36,1493,1493
2023-01-11 09:56:25,33,39,1493,1493
2023-01-11 09:56:25,33,38,1493,1493
2023-01-11 09:56:26,33,35,1493,1493
2023-01-11 09:56:52,33,37,1493,1493
2023-01-11 09:56:53,33,36,1493,1493
2023-01-11 09:57:23,33,39,1493,1493
2023-01-11 09:57:24,33,38,1493,1493
2023-01-11 09:57:25,33,37,1493,1493
2023-01-11 09:57:43,33,36,1493,1493
2023-01-11 09:58:15,33,36,1493,1993
2023-01-11 09:58:21,33,37,1493,1993
2023-01-11 09:58:23,33,36,1493,1993
2023-01-11 09:58:51,33,36,1543,2093
2023-01-11 09:58:54,33,35,1648,2303
2023-01-11 09:58:54,33,35,1648,2303
2023-01-11 09:59:02,30,35,1693,2393
2023-01-11 09:59:23,30,33,1693,2393
2023-01-11 09:59:52,30,36,1693,2393
2023-01-11 10:01:07,31,36,1693,2393
2023-01-11 10:01:35,31,35,1693,2393
2023-01-11 10:01:36,30,35,1693,2393
2023-01-11 10:02:32,30,34,1693,2393
2023-01-11 10:03:23,30,36,1693,2393
2023-01-11 10:03:24,30,35,1693,2393
2023-01-11 10:04:54,30,38,1693,2393
2023-01-11 10:04:54,30,36,1693,2393
2023-01-11 10:05:33,30,35,1693,2393
2023-01-11 10:06:00,30,37,1693,2393
2023-01-11 10:06:02,32,37,1693,2393
2023-01-11 10:06:31,31,37,1693,2393
2023-01-11 10:07:52,31,36,1693,2393
2023-01-11 10:08:24,31,38,1693,2393
2023-01-11 10:08:24,30,38,1693,2393
2023-01-11 10:08:25,30,37,1693,2393
2023-01-11 10:08:25,32,37,1693,2393
2023-01-11 10:08:53,32,39,1693,2393
2023-01-11 10:08:54,32,42,1693,2393
2023-01-11 10:08:54,34,42,1693,2393
2023-01-11 10:08:54,34,40,1693,2393
2023-01-11 10:09:25,34,42,1693,2393
2023-01-11 10:09:25,34,39,1693,2393
2023-01-11 10:11:07,34,42,1693,2393
2023-01-11 10:11:07,34,40,1693,2393
2023-01-11 10:11:07,35,40,1693,2393
2023-01-11 10:11:36,34,40,1693,2393
2023-01-11 10:12:01,34,43,1693,2393
2023-01-11 10:12:01,34,39,1693,2393
2023-01-11 10:12:31,32,39,1693,2393
2023-01-11 10:12:31,30,39,1693,2393
2023-01-11 10:12:31,33,39,1693,2393
2023-01-11 10:13:53,31,39,1693,2393
2023-01-11 10:13:53,32,39,1693,2393
2023-01-11 10:13:54,32,37,1693,2393
2023-01-11 10:14:24,31,37,1693,2393
2023-01-11 10:14:54,31,39,1693,2393
2023-01-11 10:14:54,31,40,1693,2393
2023-01-11 10:14:54,31,38,1693,2393
2023-01-11 10:14:55,33,38,1693,2393
2023-01-11 10:15:31,31,38,1693,2393
2023-01-11 10:15:31,32,39,1693,2393
2023-01-11 10:15:32,32,37,1693,2393
2023-01-11 10:16:55,32,35,1693,2393
2023-01-11 10:16:55,30,35,1693,2393
2023-01-11 10:17:03,30,34,1693,2393
2023-01-11 10:17:53,30,37,1693,2393
2023-01-11 10:17:54,30,36,1693,2393
2023-01-11 10:17:55,30,37,1693,2393
2023-01-11 10:17:55,32,37,1693,2393
2023-01-11 10:18:26,30,37,1693,2393
2023-01-11 10:18:26,33,37,1693,2393
2023-01-11 10:18:26,33,38,1693,2393
2023-01-11 10:18:54,32,38,1693,2393
2023-01-11 10:18:54,32,40,1693,2393
2023-01-11 10:18:54,32,39,1693,2393
2023-01-11 10:18:55,32,37,1693,2393
2023-01-11 10:19:25,30,37,1693,2393
2023-01-11 10:19:26,30,39,1693,2393
2023-01-11 10:19:26,30,38,1693,2393
2023-01-11 10:19:26,30,36,1693,2393
2023-01-11 10:19:26,31,36,1693,2393
2023-01-11 10:21:05,30,36,1693,2393
2023-01-11 10:21:33,31,36,1693,2393
2023-01-11 10:22:53,31,38,1693,2393
2023-01-11 10:22:53,31,39,1693,2393
2023-01-11 10:22:53,30,39,1693,2393
2023-01-11 10:22:54,32,39,1693,2393
2023-01-11 10:22:54,32,37,1693,2393
2023-01-11 10:23:24,32,39,1693,2393
2023-01-11 10:23:24,32,44,1693,2393
2023-01-11 10:23:24,32,43,1693,2393
2023-01-11 10:23:25,32,40,1693,2393
2023-01-11 10:23:25,34,40,1693,2393
2023-01-11 10:24:24,34,42,1693,2393
2023-01-11 10:24:25,34,41,1693,2393
2023-01-11 10:24:26,34,39,1693,2393
2023-01-11 10:25:33,33,39,1693,2393
2023-01-11 10:26:27,33,38,1693,2393
2023-01-11 10:26:55,31,38,1693,2393
2023-01-11 10:26:55,32,38,1693,2393
2023-01-11 10:26:56,32,39,1693,2393
2023-01-11 10:26:57,34,39,1693,2393
2023-01-11 10:27:24,34,40,1693,2393
2023-01-11 10:27:53,34,42,1693,2393
2023-01-11 10:27:53,34,41,1693,2393
2023-01-11 10:27:53,34,42,1693,2393
2023-01-11 10:27:53,34,43,1693,2393
2023-01-11 10:27:54,36,43,1693,2393
2023-01-11 10:27:56,36,41,1693,2393
2023-01-11 10:29:53,36,43,1693,2393
2023-01-11 10:29:54,34,43,1693,2393
2023-01-11 10:29:54,36,43,1693,2393
2023-01-11 10:29:54,36,42,1693,2393
2023-01-11 10:31:04,36,44,1693,2393
2023-01-11 10:31:05,34,44,1693,2393
2023-01-11 10:31:05,32,44,1693,2393
2023-01-11 10:31:05,32,41,1693,2393
2023-01-11 10:31:06,33,41,1693,2393
2023-01-11 10:31:06,35,41,1693,2393
2023-01-11 10:31:33,33,41,1693,2393
2023-01-11 10:31:33,33,39,1693,2393
2023-01-11 10:31:35,32,39,1693,2393
2023-01-11 10:31:35,34,39,1693,2393
2023-01-11 10:32:02,33,39,1693,2393
2023-01-11 10:32:29,33,44,1693,2393
2023-01-11 10:32:29,33,43,1693,2393
2023-01-11 10:32:29,33,42,1693,2393
2023-01-11 10:32:29,33,40,1693,2393
2023-01-11 10:32:29,33,38,1693,2393
2023-01-11 10:33:53,31,38,1693,2393
2023-01-11 10:33:53,31,40,1693,2393
2023-01-11 10:33:54,31,43,1693,2393
2023-01-11 10:33:54,31,41,1693,2393
2023-01-11 10:33:54,31,39,1693,2393
2023-01-11 10:33:54,31,37,1693,2393
2023-01-11 10:34:23,32,37,1693,2393
2023-01-11 10:34:53,32,36,1693,2393
2023-01-11 10:34:53,30,36,1693,2393
2023-01-11 10:34:54,31,36,1693,2393
2023-01-11 10:35:34,30,36,1693,2393
2023-01-11 10:35:34,30,37,1693,2393
2023-01-11 10:35:34,30,35,1693,2393
2023-01-11 10:36:07,30,33,1693,2393
2023-01-11 10:36:39,28,33,1737,2437
2023-01-11 10:37:01,28,32,1737,2437
2023-01-11 10:37:01,28,30,1737,2437
2023-01-11 10:37:28,26,30,1737,2437
2023-01-11 10:38:24,26,32,1737,2437
2023-01-11 10:38:24,26,31,1737,2437
2023-01-11 10:38:24,26,32,1737,2437
2023-01-11 10:38:25,27,32,1737,2437
2023-01-11 10:38:53,26,32,1737,2437
2023-01-11 10:39:24,26,31,1737,2437
2023-01-11 10:39:53,27,31,1737,2437
2023-01-11 10:39:53,27,33,1737,2437
2023-01-11 10:39:53,27,36,1737,2437
2023-01-11 10:39:53,27,32,1737,2437
2023-01-11 10:41:09,27,34,1737,2437
2023-01-11 10:41:09,26,34,1737,2437
2023-01-11 10:41:09,26,33,1737,2437
2023-01-11 10:41:11,28,33,1737,2437
2023-01-11 10:42:11,26,33,1737,2437
2023-01-11 10:42:12,29,33,1737,2437
2023-01-11 10:42:13,29,34,1737,2437
2023-01-11 10:42:27,29,33,1737,2437
2023-01-11 10:44:02,29,32,1737,2437
2023-01-11 10:44:03,27,32,1737,2437
2023-01-11 10:44:30,26,32,1737,2437
2023-01-11 10:44:31,26,37,1737,2437
2023-01-11 10:44:31,26,36,1737,2437
2023-01-11 10:44:31,28,36,1737,2437
2023-01-11 10:44:31,28,35,1737,2437
2023-01-11 10:44:32,28,33,1737,2437
2023-01-11 10:45:01,28,31,1737,2437
2023-01-11 10:45:42,28,33,1737,2437
2023-01-11 10:46:08,26,33,1737,2437
2023-01-11 10:46:08,26,35,1737,2437
2023-01-11 10:46:08,27,35,1737,2437
2023-01-11 10:46:08,29,35,1737,2437
2023-01-11 10:46:09,29,34,1737,2437
2023-01-11 10:47:35,26,34,1737,2437
2023-01-11 10:47:35,28,34,1737,2437
2023-01-11 10:47:35,30,34,1737,2437
2023-01-11 10:48:03,28,34,1737,2437
2023-01-11 10:48:03,29,34,1737,2437
2023-01-11 10:48:32,27,34,1737,2437
2023-01-11 10:48:32,26,34,1737,2437
2023-01-11 10:48:32,26,35,1737,2437
2023-01-11 10:48:32,30,35,1737,2437
2023-01-11 10:48:48,31,35,1737,2437
2023-01-11 10:49:01,31,37,1737,2437
2023-01-11 10:49:02,31,36,1737,2437
2023-01-11 10:50:07,31,37,1737,2437
2023-01-11 10:50:08,28,37,1737,2437
2023-01-11 10:50:08,28,36,1737,2437
2023-01-11 10:50:08,28,35,1737,2437
2023-01-11 10:50:08,30,35,1737,2437
2023-01-11 10:50:45,30,37,1737,2437
2023-01-11 10:50:45,30,36,1737,2437
2023-01-11 10:50:45,28,36,1737,2437
2023-01-11 10:50:48,28,34,1737,2437
2023-01-11 10:51:19,28,38,1737,2437
2023-01-11 10:51:20,28,33,1737,2437
2023-01-11 10:51:48,26,33,1737,2437
2023-01-11 10:51:48,26,35,1737,2437
2023-01-11 10:51:48,26,32,1737,2437
2023-01-11 10:51:49,27,32,1737,2437
2023-01-11 10:52:18,26,32,1737,2437
2023-01-11 10:52:18,26,34,1737,2437
2023-01-11 10:52:18,26,38,1737,2437
2023-01-11 10:52:18,28,38,1737,2437
2023-01-11 10:52:19,28,37,1737,2437
2023-01-11 10:52:19,28,35,1737,2437
2023-01-11 10:52:20,28,33,1737,2437
2023-01-11 10:53:38,28,32,1737,2437
2023-01-11 10:53:38,28,33,1737,2437
2023-01-11 10:53:45,28,32,1737,2437
2023-01-11 10:53:45,28,33,1737,2437
2023-01-11 10:53:48,28,32,1737,2437
2023-01-11 10:53:48,28,33,1737,2437
2023-01-11 10:53:50,28,32,1737,2437
2023-01-11 10:53:50,28,33,1737,2437
2023-01-11 10:53:51,26,33,1737,2437
2023-01-11 10:53:51,27,33,1737,2437
2023-01-11 10:53:51,27,32,1737,2437
2023-01-11 10:54:04,27,32,1756,2475
2023-01-11 10:54:19,26,32,1756,2475
2023-01-11 10:54:19,26,31,1756,2475
2023-01-11 10:54:19,26,27,1756,2475
2023-01-11 10:54:47,26,29,1756,2475
2023-01-11 10:54:47,26,31,1756,2475
2023-01-11 10:54:47,26,28,1756,2475
2023-01-11 10:55:51,26,30,1756,2475
2023-01-11 10:55:52,26,27,1756,2475
2023-01-11 10:56:49,26,29,1756,2475
2023-01-11 10:56:50,26,31,1756,2475
2023-01-11 10:56:50,26,33,1756,2475
2023-01-11 10:56:51,26,28,1856,2575
2023-01-11 10:56:52,22,26,1856,2575
2023-01-11 10:56:52,22,24,1856,2575
2023-01-11 10:56:54,19,24,1856,2575
2023-01-11 10:57:19,20,24,1856,2575
2023-01-11 10:57:20,20,25,1856,2575
2023-01-11 10:57:48,19,25,1856,2575
2023-01-11 10:57:49,19,26,1856,2575
2023-01-11 10:57:49,21,26,1856,2575
2023-01-11 10:58:16,19,26,1856,2575
2023-01-11 10:58:17,19,24,1856,2575
2023-01-11 10:58:44,20,24,1856,2575
2023-01-11 10:58:45,20,25,1856,2575
2023-01-11 11:00:39,20,24,1856,2575
2023-01-11 11:01:30,20,25,1856,2575
2023-01-11 11:01:47,20,27,1856,2575
2023-01-11 11:01:47,18,27,1856,2575
2023-01-11 11:01:47,21,27,1856,2575
2023-01-11 11:01:48,21,28,1856,2575
2023-01-11 11:01:48,21,26,1856,2575
2023-01-11 11:02:14,21,25,1856,2575
2023-01-11 11:02:17,20,25,1856,2575
2023-01-11 11:02:46,21,25,1856,2575
2023-01-11 11:03:16,17,25,1856,2575
2023-01-11 11:03:16,16,25,1856,2575
2023-01-11 11:03:16,20,25,1856,2575
2023-01-11 11:03:17,22,25,1856,2575
2023-01-11 11:03:21,22,27,1856,2575
2023-01-11 11:03:40,22,26,1856,2575
2023-01-11 11:04:15,20,26,1856,2575
2023-01-11 11:04:15,18,26,1856,2575
2023-01-11 11:04:15,23,26,1856,2575
2023-01-11 11:05:00,23,28,1856,2575
2023-01-11 11:05:10,23,27,1856,2575
2023-01-11 11:05:12,21,27,1856,2575
2023-01-11 11:05:13,19,27,1856,2575
2023-01-11 11:05:13,16,27,1856,2575
2023-01-11 11:05:13,18,27,1856,2575
2023-01-11 11:05:13,20,27,1856,2575
2023-01-11 11:05:14,22,27,1856,2575
2023-01-11 11:05:46,20,27,1856,2575
2023-01-11 11:05:47,21,27,1856,2575
2023-01-11 11:05:47,23,27,1856,2575
2023-01-11 11:06:18,22,27,1856,2575
2023-01-11 11:06:46,19,27,1856,2575
2023-01-11 11:06:46,21,27,1856,2575
2023-01-11 11:06:46,23,27,1856,2575
2023-01-11 11:07:15,21,27,1856,2575
2023-01-11 11:07:16,22,27,1856,2575
2023-01-11 11:07:17,24,27,1856,2575
2023-01-11 11:07:26,24,29,1856,2575
2023-01-11 11:07:46,24,31,1856,2575
2023-01-11 11:07:46,25,31,1856,2575
2023-01-11 11:07:46,25,32,1856,2575
2023-01-11 11:07:46,25,30,1856,2575
2023-01-11 11:08:15,25,29,1856,2575
2023-01-11 11:08:18,24,29,1856,2575
2023-01-11 11:09:15,22,29,1856,2575
2023-01-11 11:09:16,23,29,1856,2575
2023-01-11 11:09:47,19,29,1856,2575
2023-01-11 11:09:47,24,29,1856,2575
2023-01-11 11:10:23,23,29,1856,2575
2023-01-11 11:10:24,23,28,1856,2575
2023-01-11 11:11:21,23,34,1856,2575
2023-01-11 11:11:21,21,34,1856,2575
2023-01-11 11:11:21,21,33,1856,2575
2023-01-11 11:11:21,20,33,1856,2575
2023-01-11 11:11:22,22,33,1856,2575
2023-01-11 11:11:22,26,33,1856,2575
2023-01-11 11:11:22,26,31,1856,2575
2023-01-11 11:11:50,24,31,1856,2575
2023-01-11 11:11:50,20,31,1856,2575
2023-01-11 11:11:50,23,31,1856,2575
2023-01-11 11:11:51,23,32,1856,2575
2023-01-11 11:11:51,25,32,1856,2575
2023-01-11 11:11:51,25,30,1856,2575
2023-01-11 11:12:48,23,30,1856,2575
2023-01-11 11:12:48,23,29,1856,2575
2023-01-11 11:12:49,20,29,1856,2575
2023-01-11 11:12:49,24,29,1856,2575
2023-01-11 11:12:51,26,29,1856,2575
2023-01-11 11:13:17,24,29,1856,2575
2023-01-11 11:13:17,22,29,1856,2575
2023-01-11 11:13:17,25,29,1856,2575
2023-01-11 11:13:46,23,29,1856,2575
2023-01-11 11:13:46,26,29,1856,2575
2023-01-11 11:13:50,26,31,1856,2575
2023-01-11 11:14:43,22,31,1856,2575
2023-01-11 11:14:43,22,33,1856,2575
2023-01-11 11:14:44,22,40,1856,2575
2023-01-11 11:14:44,25,40,1856,2575
2023-01-11 11:14:45,25,36,1856,2575
2023-01-11 11:14:45,25,32,1856,2575
2023-01-11 11:14:45,27,32,1856,2575
2023-01-11 11:15:14,27,34,1856,2575
2023-01-11 11:15:14,25,34,1856,2575
2023-01-11 11:15:15,24,34,1856,2575
2023-01-11 11:15:15,28,34,1856,2575
2023-01-11 11:15:15,28,33,1856,2575
2023-01-11 11:15:44,28,35,1856,2575
2023-01-11 11:15:46,30,35,1856,2575
2023-01-11 11:16:15,30,36,1856,2575
2023-01-11 11:16:18,32,36,1856,2575
2023-01-11 11:16:40,32,38,1856,2575
2023-01-11 11:16:41,32,39,1856,2575
2023-01-11 11:16:42,32,37,1856,2575
2023-01-11 11:17:11,32,36,1856,2575
2023-01-11 11:17:24,31,36,1856,2575
2023-01-11 11:17:34,31,35,1856,2575
2023-01-11 11:18:03,30,35,1856,2575
2023-01-11 11:18:33,27,35,1856,2575
2023-01-11 11:18:34,31,35,1856,2575
2023-01-11 11:18:34,31,38,1856,2575
2023-01-11 11:18:34,31,36,1856,2575
2023-01-11 11:19:56,31,35,1856,2575
2023-01-11 11:20:36,29,35,1856,2575
2023-01-11 11:21:03,29,34,1856,2575
2023-01-11 11:21:30,29,35,1856,2575
2023-01-11 11:21:36,30,35,1856,2575
2023-01-11 11:22:26,30,34,1856,2575
2023-01-11 11:22:52,30,35,1856,2575
2023-01-11 11:23:54,31,35,1856,2575
2023-01-11 11:23:54,31,36,1856,2575
2023-01-11 11:24:24,30,36,1856,2575
2023-01-11 11:24:25,30,37,1856,2575
2023-01-11 11:24:26,32,37,1856,2575
2023-01-11 11:24:52,30,37,1856,2575
2023-01-11 11:24:53,30,35,1856,2575
2023-01-11 11:26:54,30,37,1856,2575
2023-01-11 11:26:55,30,36,1856,2575
2023-01-11 11:27:25,30,38,1856,2575
2023-01-11 11:27:26,30,35,1856,2575
2023-01-11 11:28:25,31,35,1856,2575
2023-01-11 11:28:25,31,36,1856,2575
2023-01-11 11:28:41,32,36,1856,2575
2023-01-11 11:31:03,32,37,1856,2575
2023-01-11 11:32:24,32,38,1856,2575
2023-01-11 11:32:25,32,36,1856,2575
2023-01-11 11:33:53,32,34,1856,2575
2023-01-11 11:34:11,30,34,1856,2575
2023-01-11 11:34:20,30,34,1936,2655
2023-01-11 11:34:24,29,34,1936,2655
2023-01-11 11:34:31,29,34,1938,2657
2023-01-11 11:34:52,30,34,1938,2657
2023-01-11 11:34:52,30,36,1938,2657
2023-01-11 11:34:52,30,37,1938,2657
2023-01-11 11:34:54,30,35,1938,2657
2023-01-11 11:36:23,30,37,1938,2657
2023-01-11 11:36:23,30,36,1938,2657
2023-01-11 11:36:23,30,34,1938,2657
2023-01-11 11:36:24,29,34,1938,2657
2023-01-11 11:36:52,29,33,1938,2657
2023-01-11 11:36:52,27,33,1938,2657
2023-01-11 11:37:24,27,35,1938,2657
2023-01-11 11:37:24,27,34,1938,2657
2023-01-11 11:37:26,27,32,1938,2657
2023-01-11 11:38:24,28,32,1938,2657
2023-01-11 11:38:24,28,33,1938,2657
2023-01-11 11:39:09,29,33,1938,2657
2023-01-11 11:41:01,29,33,1939,2658
2023-01-11 11:41:29,29,33,1989,2758
2023-01-11 11:41:30,33,35,2132,2901
2023-01-11 11:41:34,29,35,2132,2901
2023-01-11 11:42:24,31,35,2132,2901
2023-01-11 11:42:24,31,36,2132,2901
2023-01-11 11:42:30,32,36,2132,2901
2023-01-11 11:42:46,32,36,2134,2903
2023-01-11 11:43:09,32,35,2134,2903
2023-01-11 11:43:17,31,35,2134,2903
2023-01-11 11:44:26,30,35,2134,2903
2023-01-11 11:44:54,29,35,2134,2903
2023-01-11 11:44:55,29,39,2134,2903
2023-01-11 11:44:55,29,38,2134,2903
2023-01-11 11:44:55,29,36,2134,2903
2023-01-11 11:44:55,31,36,2134,2903
2023-01-11 11:45:02,32,36,2134,2903
2023-01-11 11:45:31,32,37,2134,2903
2023-01-11 11:46:29,33,37,2134,2903
2023-01-11 11:46:45,34,37,2134,2903
2023-01-11 11:47:01,34,38,2134,2903
2023-01-11 11:47:37,34,37,2134,2903
2023-01-11 11:47:48,32,37,2134,2903
2023-01-11 11:47:54,33,37,2134,2903
2023-01-11 11:48:27,32,37,2134,2903
2023-01-11 11:48:53,33,37,2134,2903
2023-01-11 11:49:55,32,37,2134,2903
2023-01-11 11:49:55,34,37,2134,2903
2023-01-11 11:50:54,34,37,2134,3053
2023-01-11 11:50:58,34,38,2134,3053
2023-01-11 11:50:59,34,39,2134,3053
2023-01-11 11:51:27,32,39,2134,3053
2023-01-11 11:51:27,32,37,2134,3053
2023-01-11 11:51:54,29,37,2134,3053
2023-01-11 11:51:54,31,37,2134,3053
2023-01-11 11:52:34,32,37,2134,3053
2023-01-11 11:52:43,33,37,2134,3053
2023-01-11 11:52:55,33,38,2134,3053
2023-01-11 11:53:39,36,38,2134,3053
2023-01-11 11:53:53,36,40,2134,3053
2023-01-11 11:54:25,36,39,2134,3053
2023-01-11 11:54:27,34,39,2134,3053
2023-01-11 11:55:09,34,39,2144,3063
2023-01-11 11:55:12,38,39,2144,3063
2023-01-11 11:55:20,34,39,2144,3063
2023-01-11 11:55:33,34,40,2144,3063
2023-01-11 11:55:36,35,40,2144,3063
2023-01-11 11:56:32,35,42,2144,3063
2023-01-11 11:56:32,35,44,2144,3063
2023-01-11 11:56:32,35,43,2144,3063
2023-01-11 11:56:33,35,41,2144,3063
2023-01-11 11:57:00,35,39,2144,3063
2023-01-11 11:57:30,35,42,2144,3063
2023-01-11 11:57:31,35,40,2144,3063
2023-01-11 11:58:53,34,40,2144,3063
2023-01-11 11:58:53,34,39,2144,3063
2023-01-11 11:59:24,32,39,2144,3063
2023-01-11 11:59:25,32,37,2144,3063
2023-01-11 12:01:07,32,44,2144,3063
2023-01-11 12:01:07,32,43,2144,3063
2023-01-11 12:01:07,33,43,2144,3063
2023-01-11 12:01:08,33,42,2144,3063
2023-01-11 12:01:08,33,40,2144,3063
2023-01-11 12:01:08,33,38,2144,3063
2023-01-11 12:01:14,34,38,2144,3063
2023-01-11 12:03:05,34,41,2144,3063
2023-01-11 12:03:05,35,41,2144,3063
2023-01-11 12:03:34,35,43,2144,3063
2023-01-11 12:03:35,35,42,2144,3063
2023-01-11 12:03:35,35,40,2144,3063
2023-01-11 12:03:37,36,40,2144,3063
2023-01-11 12:04:00,35,40,2144,3063
2023-01-11 12:04:34,34,40,2144,3063
2023-01-11 12:05:06,34,42,2144,3063
2023-01-11 12:05:06,34,40,2144,3063
2023-01-11 12:06:09,35,40,2144,3063
2023-01-11 12:07:02,33,40,2144,3063
2023-01-11 12:07:03,33,39,2144,3063
2023-01-11 12:07:30,34,39,2144,3063
2023-01-11 12:07:42,35,39,2144,3063
2023-01-11 12:08:28,35,42,2144,3063
2023-01-11 12:08:29,35,40,2144,3063
2023-01-11 12:09:27,35,42,2144,3063
2023-01-11 12:09:28,35,43,2144,3063
2023-01-11 12:09:28,35,41,2144,3063
2023-01-11 12:10:37,35,43,2144,3063
2023-01-11 12:10:38,35,42,2144,3063
2023-01-11 12:10:38,35,40,2144,3063
2023-01-11 12:11:09,35,42,2144,3063
2023-01-11 12:11:11,37,42,2144,3063
2023-01-11 12:11:50,37,44,2373,3292
2023-01-11 12:12:07,40,44,2373,3292
2023-01-11 12:12:20,41,44,2373,3292
2023-01-11 12:14:18,45,47,3130,4049
2023-01-11 12:14:24,41,47,3130,4049
2023-01-11 12:14:24,39,47,3130,4049
2023-01-11 12:14:24,40,47,3130,4049
2023-01-11 12:14:25,40,46,3130,4049
2023-01-11 12:15:33,40,47,3130,4049
2023-01-11 12:15:33,42,47,3130,4049
2023-01-11 12:16:05,43,47,3130,4049
2023-01-11 12:16:34,42,47,3130,4049
2023-01-11 12:17:03,41,47,3130,4049
2023-01-11 12:17:13,42,47,3130,4049
2023-01-11 12:17:20,43,47,3130,4049
2023-01-11 12:17:32,43,46,3130,4049
2023-01-11 12:18:00,43,46,3144,4063
2023-01-11 12:18:01,43,47,3144,4063
2023-01-11 12:18:09,47,48,3662,4581
2023-01-11 12:18:18,43,48,3662,4581
2023-01-11 12:18:18,41,48,3662,4581
2023-01-11 12:18:22,41,49,3662,4581
2023-01-11 12:18:28,46,49,3662,4581
2023-01-11 12:18:29,46,51,3662,4581
2023-01-11 12:18:40,47,51,3662,4581
2023-01-11 12:19:01,47,50,3662,4581
2023-01-11 12:19:04,46,50,3662,4581
2023-01-11 12:19:25,44,50,3662,4581
2023-01-11 12:19:25,42,50,3662,4581
2023-01-11 12:19:25,45,50,3662,4581
2023-01-11 12:19:54,44,50,3662,4581
2023-01-11 12:20:38,42,50,3662,4581
2023-01-11 12:20:38,40,50,3662,4581
2023-01-11 12:20:38,41,50,3662,4581
2023-01-11 12:20:38,43,50,3662,4581
2023-01-11 12:20:38,43,48,3662,4581
2023-01-11 12:21:09,41,48,3662,4581
2023-01-11 12:21:10,41,50,3662,4581
2023-01-11 12:21:10,41,47,3662,4581
2023-01-11 12:21:58,42,47,3662,4581
2023-01-11 12:22:05,42,49,3662,4581
2023-01-11 12:22:05,44,49,3662,4581
2023-01-11 12:22:35,42,49,3662,4581
2023-01-11 12:22:35,42,50,3662,4581
2023-01-11 12:22:35,45,50,3662,4581
2023-01-11 12:23:08,45,51,3662,4581
2023-01-11 12:23:17,45,50,3662,4581
2023-01-11 12:23:32,47,50,3662,4581
2023-01-11 12:24:02,46,50,3662,4581
2023-01-11 12:24:33,44,50,3662,4581
2023-01-11 12:24:34,39,50,3662,4581
2023-01-11 12:24:34,45,50,3662,4581
2023-01-11 12:24:34,47,50,3662,4581
2023-01-11 12:24:59,45,50,3662,4821
2023-01-11 12:25:06,43,50,3662,4821
2023-01-11 12:25:06,44,50,3662,4821
2023-01-11 12:25:07,46,50,3662,4821
2023-01-11 12:25:43,46,49,3662,4821
2023-01-11 12:25:44,43,49,3662,4821
2023-01-11 12:26:14,41,49,3662,4821
2023-01-11 12:26:15,41,47,3662,4821
2023-01-11 12:27:21,37,47,3662,4821
2023-01-11 12:27:21,38,47,3662,4821
2023-01-11 12:27:21,42,47,3662,4821
2023-01-11 12:27:52,42,49,3662,4821
2023-01-11 12:27:53,42,48,3662,4821
2023-01-11 12:28:23,42,47,3662,4821
2023-01-11 12:28:50,43,47,3662,4821
2023-01-11 12:28:54,43,48,3662,4821
2023-01-11 12:29:24,44,48,3662,4821
2023-01-11 12:29:25,44,49,3662,4821
2023-01-11 12:30:33,44,50,3662,4821
2023-01-11 12:30:50,45,50,3662,4821
2023-01-11 12:31:33,45,48,3662,4821
2023-01-11 12:31:59,42,48,3662,4821
2023-01-11 12:32:14,43,48,3662,4821
2023-01-11 12:32:25,43,50,3662,4821
2023-01-11 12:32:25,43,49,3662,4821
2023-01-11 12:32:25,43,47,3662,4821
2023-01-11 12:32:54,43,46,3662,4821
2023-01-11 12:33:05,43,46,3995,5154
2023-01-11 12:33:16,43,46,4328,5487
2023-01-11 12:33:25,43,48,4328,5487
2023-01-11 12:33:25,43,50,4328,5487
2023-01-11 12:33:25,43,47,4328,5487
2023-01-11 12:33:26,43,45,4328,5487
2023-01-11 12:33:44,40,45,4362,5521
2023-01-11 12:33:54,38,45,4362,5521
2023-01-11 12:33:54,37,45,4362,5521
2023-01-11 12:33:55,39,45,4362,5521
2023-01-11 12:34:25,37,45,4362,5521
2023-01-11 12:34:26,37,43,4362,5521
2023-01-11 12:34:27,38,43,4362,5521
2023-01-11 12:34:39,39,43,4362,5521
2023-01-11 12:34:55,39,45,4362,5521
2023-01-11 12:34:55,39,44,4362,5521
2023-01-11 12:35:33,39,46,4362,5521
2023-01-11 12:35:33,39,47,4362,5521
2023-01-11 12:35:33,39,45,4362,5521
2023-01-11 12:35:34,39,43,4362,5521
2023-01-11 12:36:01,39,44,4362,5521
2023-01-11 12:36:02,39,42,4362,5521
2023-01-11 12:36:29,37,42,4362,5521
2023-01-11 12:36:31,36,42,4362,5521
2023-01-11 12:36:41,38,42,4362,5521
2023-01-11 12:37:27,38,41,4362,5521
2023-01-11 12:38:25,38,43,4362,5521
2023-01-11 12:39:26,38,42,4362,5521
2023-01-11 12:40:37,38,43,4362,5521
2023-01-11 12:41:34,38,45,4485,5768
2023-01-11 12:42:25,40,45,4485,5768
2023-01-11 12:42:53,40,46,4485,5768
2023-01-11 12:43:24,40,47,4485,5768
2023-01-11 12:43:24,40,45,4485,5768
2023-01-11 12:43:55,40,48,4485,5768
2023-01-11 12:43:56,40,46,4485,5768
2023-01-11 12:44:27,38,46,4485,5768
2023-01-11 12:44:27,39,46,4485,5768
2023-01-11 12:44:28,39,44,4485,5768
2023-01-11 12:44:38,40,44,4485,5768
2023-01-11 12:45:30,40,45,4485,5768
2023-01-11 12:45:31,40,43,4485,5768
2023-01-11 12:46:24,40,45,4485,5768
2023-01-11 12:46:54,40,47,4485,5768
2023-01-11 12:46:54,40,44,4485,5768
2023-01-11 12:47:27,40,46,4485,5768
2023-01-11 12:47:28,40,45,4485,5768
2023-01-11 12:48:26,40,46,4485,5768
2023-01-11 12:48:53,40,45,4485,5768
2023-01-11 12:49:25,41,45,4485,5768
2023-01-11 12:49:25,41,46,4485,5768
2023-01-11 12:49:27,43,46,4485,5768
2023-01-11 12:51:06,43,47,4485,5768
2023-01-11 12:51:34,43,45,4485,5768
2023-01-11 12:52:04,43,46,4485,5768
2023-01-11 12:52:29,43,50,4485,5768
2023-01-11 12:52:30,43,49,4485,5768
2023-01-11 12:52:31,43,47,4485,5768
2023-01-11 12:53:11,42,47,4485,5768
2023-01-11 12:53:24,42,48,4485,5768
2023-01-11 12:53:38,42,48,4607,5890
2023-01-11 12:53:53,42,50,4607,5890
2023-01-11 12:53:53,44,50,4607,5890
2023-01-11 12:53:55,44,49,4607,5890
2023-01-11 12:54:26,44,50,4607,5890
2023-01-11 12:54:26,44,48,4607,5890
2023-01-11 12:54:26,42,48,4607,5890
2023-01-11 12:54:54,40,48,4607,5890
2023-01-11 12:54:55,40,50,4607,5890
2023-01-11 12:54:55,40,49,4607,5890
2023-01-11 12:54:55,40,47,4607,5890
2023-01-11 12:54:55,41,47,4607,5890
2023-01-11 12:56:02,41,50,4607,5890
2023-01-11 12:56:02,40,50,4607,5890
2023-01-11 12:56:02,40,49,4607,5890
2023-01-11 12:56:02,40,48,4607,5890
2023-01-11 12:56:02,40,46,4607,5890
2023-01-11 12:56:28,41,46,4607,5890
2023-01-11 12:57:24,40,46,4607,5890
2023-01-11 12:58:26,40,47,4607,5890
2023-01-11 12:58:26,40,45,4607,5890
2023-01-11 12:58:54,40,47,4607,5890
2023-01-11 12:58:54,40,46,4607,5890
2023-01-11 12:58:54,40,44,4607,5890
2023-01-11 12:59:26,40,46,4607,5890
2023-01-11 12:59:26,40,47,4607,5890
2023-01-11 12:59:30,40,45,4607,5890
2023-01-11 13:00:37,40,46,4607,5890
2023-01-11 13:01:07,41,46,4607,5890
2023-01-11 13:02:26,41,48,4744,6164
2023-01-11 13:02:32,41,53,4744,6164
2023-01-11 13:02:32,41,51,4744,6164
2023-01-11 13:02:32,41,49,4744,6164
2023-01-11 13:02:33,41,47,4744,6164
2023-01-11 13:03:02,41,51,4744,6164
2023-01-11 13:03:03,43,51,4744,6164
2023-01-11 13:03:03,45,51,4744,6164
2023-01-11 13:03:31,45,52,4744,6164
2023-01-11 13:03:32,48,52,4744,6164
2023-01-11 13:04:18,48,53,4744,6164
2023-01-11 13:04:25,48,55,4744,6164
2023-01-11 13:04:25,50,55,4744,6164
2023-01-11 13:04:54,48,55,4744,6164
2023-01-11 13:04:54,49,55,4744,6164
2023-01-11 13:04:55,51,55,4744,6164
2023-01-11 13:04:55,51,57,4744,6164
2023-01-11 13:05:30,51,57,4794,6264
2023-01-11 13:05:32,51,56,4794,6264
2023-01-11 13:05:39,51,56,4844,6364
2023-01-11 13:05:48,49,51,4880,6436
2023-01-11 13:06:00,47,56,4880,6436
2023-01-11 13:06:00,47,58,4880,6436
2023-01-11 13:06:01,47,57,4880,6436
2023-01-11 13:06:01,47,55,4880,6436
2023-01-11 13:06:01,47,53,4880,6436
2023-01-11 13:06:29,47,55,4880,6436
2023-01-11 13:06:30,47,58,4880,6436
2023-01-11 13:06:30,47,56,4880,6436
2023-01-11 13:06:30,47,52,4880,6436
2023-01-11 13:07:00,49,52,4880,6436
2023-01-11 13:07:27,49,54,4880,6436
2023-01-11 13:07:27,49,55,4880,6436
2023-01-11 13:07:27,47,55,4880,6436
2023-01-11 13:07:28,48,55,4880,6436
2023-01-11 13:07:29,50,55,4880,6436
2023-01-11 13:08:25,46,55,4880,6436
2023-01-11 13:08:26,41,55,4880,6436
2023-01-11 13:08:26,45,55,4880,6436
2023-01-11 13:08:26,49,55,4880,6436
2023-01-11 13:09:25,50,55,4880,6436
2023-01-11 13:10:34,48,55,4880,6436
2023-01-11 13:10:34,49,55,4880,6436
2023-01-11 13:10:34,51,55,4880,6436
2023-01-11 13:10:42,51,57,4880,6436
2023-01-11 13:11:03,51,59,4880,6436
2023-01-11 13:11:03,51,61,4880,6436
2023-01-11 13:11:03,51,60,4880,6436
2023-01-11 13:11:03,50,60,4880,6436
2023-01-11 13:11:04,52,60,4880,6436
2023-01-11 13:11:04,52,58,4880,6436
2023-01-11 13:11:32,52,61,4880,6436
2023-01-11 13:11:32,52,60,4880,6436
2023-01-11 13:11:32,52,59,4880,6436
2023-01-11 13:11:33,54,59,4880,6436
2023-01-11 13:12:27,54,61,4880,6436
2023-01-11 13:12:27,54,60,4880,6436
2023-01-11 13:12:27,54,61,4880,6436
2023-01-11 13:12:27,54,60,4880,6436
2023-01-11 13:12:28,52,60,4880,6436
2023-01-11 13:12:29,52,58,4880,6436
2023-01-11 13:14:25,53,58,4880,6436
2023-01-11 13:14:55,53,59,4880,6436
2023-01-11 13:15:33,53,61,4880,6436
2023-01-11 13:15:33,53,64,4880,6436
2023-01-11 13:15:33,53,63,4880,6436
2023-01-11 13:15:33,53,62,4880,6436
2023-01-11 13:15:33,55,62,4880,6436
2023-01-11 13:15:33,57,62,4880,6436
2023-01-11 13:15:56,57,62,4930,6536
2023-01-11 13:16:06,57,60,4930,6536
2023-01-11 13:16:06,57,60,4980,6636
2023-01-11 13:16:06,57,58,4980,6636
2023-01-11 13:16:07,53,58,4980,6636
2023-01-11 13:16:07,52,58,4980,6636
2023-01-11 13:16:21,50,58,5092,6859
2023-01-11 13:16:24,50,58,5142,6959
2023-01-11 13:16:32,48,50,5183,7042
2023-01-11 13:16:36,40,50,5183,7042
2023-01-11 13:16:37,40,56,5183,7042
2023-01-11 13:16:37,40,52,5183,7042
2023-01-11 13:16:37,43,52,5183,7042
2023-01-11 13:16:37,47,52,5183,7042
2023-01-11 13:16:57,47,52,5233,7142
2023-01-11 13:17:06,47,54,5233,7142
2023-01-11 13:17:06,47,56,5233,7142
2023-01-11 13:17:07,43,56,5278,7232
2023-01-11 13:17:08,43,47,5278,7232
2023-01-11 13:17:08,40,47,5278,7232
2023-01-11 13:17:35,40,43,5278,7232
2023-01-11 13:17:36,38,39,5300,7254
2023-01-11 13:17:46,39,41,5380,7414
2023-01-11 13:17:50,38,43,5470,7593
2023-01-11 13:17:54,38,43,5547,7748
2023-01-11 13:17:54,43,47,5558,7769
2023-01-11 13:18:03,34,47,5558,7769
2023-01-11 13:18:03,40,47,5558,7769
2023-01-11 13:18:03,40,46,5558,7769
2023-01-11 13:18:31,41,46,5558,7769
2023-01-11 13:18:32,41,47,5558,7769
2023-01-11 13:18:47,42,47,5558,7769
2023-01-11 13:18:55,41,47,5558,7769
2023-01-11 13:19:25,39,47,5558,7769
2023-01-11 13:19:26,39,45,5558,7769
2023-01-11 13:19:55,39,47,5558,7769
2023-01-11 13:19:55,41,47,5558,7769
2023-01-11 13:20:39,41,46,5558,7769
2023-01-11 13:20:39,40,46,5558,7769
2023-01-11 13:21:10,40,44,5558,7769
2023-01-11 13:21:11,39,44,5558,7769
2023-01-11 13:21:38,39,43,5558,7769
2023-01-11 13:23:21,37,43,5558,7769
2023-01-11 13:24:05,37,43,5608,7869
2023-01-11 13:24:06,37,43,5674,8002
2023-01-11 13:24:10,37,43,5709,8071
2023-01-11 13:24:18,37,45,5719,8081
2023-01-11 13:24:28,40,45,5719,8081
2023-01-11 13:24:33,40,45,5769,8181
2023-01-11 13:24:42,40,45,5819,8281
2023-01-11 13:24:54,45,47,5827,8297
2023-01-11 13:25:33,40,47,5827,8297
2023-01-11 13:25:34,42,47,5827,8297
2023-01-11 13:25:34,44,47,5827,8297
2023-01-11 13:26:02,45,47,5827,8297
2023-01-11 13:26:49,45,50,5827,8297
2023-01-11 13:27:07,45,50,5872,8387
2023-01-11 13:27:26,45,49,5872,8387
2023-01-11 13:27:30,43,49,5872,8387
2023-01-11 13:28:23,44,49,5872,8387
2023-01-11 13:28:26,44,51,5872,8387
2023-01-11 13:28:28,45,51,5872,8387
2023-01-11 13:28:54,45,53,6123,8638
2023-01-11 13:29:25,44,53,6123,8638
2023-01-11 13:29:25,44,61,6123,8638
2023-01-11 13:29:25,44,60,6123,8638
2023-01-11 13:29:26,44,58,6123,8638
2023-01-11 13:29:26,48,58,6123,8638
2023-01-11 13:29:26,48,56,6123,8638
2023-01-11 13:29:26,50,56,6123,8638
2023-01-11 13:30:34,50,58,6123,8638
2023-01-11 13:30:35,51,58,6123,8638
2023-01-11 13:30:36,51,57,6123,8638
2023-01-11 13:31:06,51,59,6123,8638
2023-01-11 13:31:06,51,61,6123,8638
2023-01-11 13:31:07,51,60,6123,8638
2023-01-11 13:31:07,51,58,6123,8638
2023-01-11 13:31:07,51,56,6123,8638
2023-01-11 13:31:34,52,56,6123,8638
2023-01-11 13:31:35,52,57,6123,8638
2023-01-11 13:32:26,50,57,6123,8638
2023-01-11 13:32:26,50,59,6123,8638
2023-01-11 13:32:26,44,59,6123,8638
2023-01-11 13:32:27,44,58,6123,8638
2023-01-11 13:32:27,53,58,6123,8638
2023-01-11 13:33:03,53,58,6126,8641
2023-01-11 13:33:25,52,58,6126,8641
2023-01-11 13:33:54,52,59,6126,8641
2023-01-11 13:33:54,52,57,6126,8641
2023-01-11 13:34:06,52,57,6129,8644
2023-01-11 13:34:26,52,59,6129,8644
2023-01-11 13:34:26,52,60,6129,8644
2023-01-11 13:34:27,52,58,6129,8644
2023-01-11 13:34:29,52,58,6332,8847
2023-01-11 13:34:29,62,67,6933,9448
2023-01-11 13:34:30,62,66,6933,9448
2023-01-11 13:34:53,52,66,6933,9448
2023-01-11 13:35:32,52,67,6933,9448
2023-01-11 13:35:32,52,63,6933,9448
2023-01-11 13:35:32,52,61,6933,9448
2023-01-11 13:35:32,54,61,6933,9448
2023-01-11 13:35:32,56,61,6933,9448
2023-01-11 13:36:01,54,61,6933,9448
2023-01-11 13:36:02,54,59,6933,9448
2023-01-11 13:36:03,53,59,6933,9448
2023-01-11 13:36:14,58,59,6933,9448
2023-01-11 13:36:24,57,59,6933,9448
2023-01-11 13:36:30,51,59,6933,9448
2023-01-11 13:36:31,54,59,6933,9448
2023-01-11 13:36:31,54,60,6933,9448
2023-01-11 13:36:34,56,60,6933,9448
2023-01-11 13:36:54,57,60,6933,9448
2023-01-11 13:37:15,56,60,6933,9448
2023-01-11 13:37:24,54,60,6933,9448
2023-01-11 13:37:24,55,60,6933,9448
2023-01-11 13:37:36,56,60,6933,9448
2023-01-11 13:37:53,55,60,6933,9448
2023-01-11 13:37:54,55,58,6933,9448
2023-01-11 13:37:54,53,58,6933,9448
2023-01-11 13:38:08,55,58,6933,9448
2023-01-11 13:38:17,53,58,6933,9448
2023-01-11 13:38:19,55,58,6933,9448
2023-01-11 13:38:37,57,58,6933,9448
2023-01-11 13:38:54,52,58,6933,9448
2023-01-11 13:39:08,56,58,6933,9448
2023-01-11 13:39:24,52,58,6933,9448
2023-01-11 13:39:24,51,58,6933,9448
2023-01-11 13:39:24,53,58,6933,9448
2023-01-11 13:39:25,55,58,6933,9448
2023-01-11 13:39:54,53,58,6933,9448
2023-01-11 13:39:55,52,58,6933,9448
2023-01-11 13:40:07,57,58,6933,9448
2023-01-11 13:40:34,52,58,6933,9448
2023-01-11 13:40:36,52,59,6933,9448
2023-01-11 13:40:37,51,59,6933,9448
2023-01-11 13:40:37,53,59,6933,9448
2023-01-11 13:40:40,57,59,6933,9448
2023-01-11 13:41:03,58,59,6933,9448
2023-01-11 13:41:14,54,61,7140,9655
2023-01-11 13:41:14,60,61,7140,9655
2023-01-11 13:41:33,54,61,7140,9655
2023-01-11 13:41:33,54,65,7140,9655
2023-01-11 13:41:33,56,65,7140,9655
2023-01-11 13:41:33,56,62,7140,9655
2023-01-11 13:41:42,59,62,7140,9655
2023-01-11 13:42:14,58,62,7140,9655
2023-01-11 13:42:24,56,64,7140,9655
2023-01-11 13:42:24,57,64,7140,9655
2023-01-11 13:42:24,57,63,7140,9655
2023-01-11 13:42:25,59,63,7140,9655
2023-01-11 13:42:35,58,63,7140,9655
2023-01-11 13:42:45,57,63,7140,9655
2023-01-11 13:42:54,55,63,7140,9655
2023-01-11 13:42:55,54,63,7140,9655
2023-01-11 13:42:55,56,63,7140,9655
2023-01-11 13:42:56,56,61,7140,9655
2023-01-11 13:43:03,58,61,7140,9655
2023-01-11 13:43:43,59,61,7140,9655
2023-01-11 13:43:54,55,61,7140,9655
2023-01-11 13:43:55,56,61,7140,9655
2023-01-11 13:44:08,59,61,7140,9655
2023-01-11 13:44:27,56,61,7140,9655
2023-01-11 13:44:27,57,61,7140,9655
2023-01-11 13:44:28,57,64,7140,9655
2023-01-11 13:44:28,58,64,7140,9655
2023-01-11 13:44:29,58,62,7140,9655
2023-01-11 13:44:38,59,62,7140,9655
2023-01-11 13:45:08,57,62,7140,9655
2023-01-11 13:45:19,58,62,7140,9655
2023-01-11 13:45:29,57,62,7140,9655
2023-01-11 13:45:32,57,61,7140,9655
2023-01-11 13:45:32,56,61,7140,9655
2023-01-11 13:45:39,57,61,7140,9655
2023-01-11 13:46:00,56,61,7140,9655
2023-01-11 13:46:00,55,61,7140,9655
2023-01-11 13:46:08,56,61,7140,9655
2023-01-11 13:46:18,57,61,7140,9655
2023-01-11 13:46:27,57,63,7140,9655
2023-01-11 13:46:27,57,62,7140,9655
2023-01-11 13:46:28,57,60,7140,9655
2023-01-11 13:46:37,58,60,7140,9655
2023-01-11 13:46:50,54,60,7140,9655
2023-01-11 13:47:08,56,60,7140,9655
2023-01-11 13:47:19,58,60,7140,9655
2023-01-11 13:47:24,54,60,7140,9655
2023-01-11 13:47:24,53,60,7140,9655
2023-01-11 13:47:25,55,60,7140,9655
2023-01-11 13:47:29,58,60,7140,9655
2023-01-11 13:47:53,55,60,7140,9655
2023-01-11 13:47:53,55,62,7140,9655
2023-01-11 13:47:53,56,62,7140,9655
2023-01-11 13:47:54,56,61,7140,9655
2023-01-11 13:48:03,57,61,7140,9655
2023-01-11 13:48:26,57,59,7140,9655
2023-01-11 13:48:54,53,61,7140,9655
2023-01-11 13:48:54,53,60,7140,9655
2023-01-11 13:48:54,54,60,7140,9655
2023-01-11 13:49:03,56,60,7140,9655
2023-01-11 13:49:13,57,60,7140,9655
2023-01-11 13:49:45,56,60,7140,9655
2023-01-11 13:49:52,56,59,7140,9655
2023-01-11 13:50:24,55,59,7140,9655
2023-01-11 13:50:32,52,59,7140,9655
2023-01-11 13:50:32,50,59,7140,9655
2023-01-11 13:50:32,53,59,7140,9655
2023-01-11 13:50:35,55,59,7140,9655
2023-01-11 13:51:16,54,59,7140,9655
2023-01-11 13:51:24,53,59,7140,9655
2023-01-11 13:51:24,51,59,7140,9655
2023-01-11 13:51:24,51,57,7140,9655
2023-01-11 13:51:53,51,56,7140,9655
2023-01-11 13:51:53,51,52,7140,9655
2023-01-11 13:51:54,49,52,7140,9655
2023-01-11 13:51:55,46,52,7140,9655
2023-01-11 13:52:03,46,54,7325,9840
2023-01-11 13:52:03,52,54,7325,9840
2023-01-11 13:52:14,46,54,7325,9840
2023-01-11 13:52:23,52,54,7325,9840
2023-01-11 13:52:26,52,55,7325,9840
2023-01-11 13:52:26,52,53,7325,9840
2023-01-11 13:52:42,51,53,7325,9840
2023-01-11 13:52:53,47,53,7325,9840
2023-01-11 13:52:54,47,54,7325,9840
2023-01-11 13:52:54,44,54,7325,9840
2023-01-11 13:52:54,46,54,7325,9840
2023-01-11 13:52:58,48,54,7325,9840
2023-01-11 13:53:23,46,54,7325,9840
2023-01-11 13:53:24,45,54,7325,9840
2023-01-11 13:53:25,45,52,7325,9840
2023-01-11 13:53:25,47,52,7325,9840
2023-01-11 13:53:53,47,51,7325,9840
2023-01-11 13:53:53,45,51,7325,9840
2023-01-11 13:54:25,45,53,7325,9840
2023-01-11 13:54:25,45,50,7325,9840
2023-01-11 13:55:54,45,52,7520,10035
2023-01-11 13:56:04,45,51,7520,10035
2023-01-11 13:56:27,42,51,7520,10035
2023-01-11 13:56:27,46,51,7520,10035
2023-01-11 13:56:28,48,51,7520,10035
2023-01-11 13:57:26,47,51,7520,10035
2023-01-11 13:59:53,48,51,7520,10035
2023-01-11 14:01:00,48,54,7617,10230
2023-01-11 14:01:06,48,55,7617,10230
2023-01-11 14:01:06,49,55,7617,10230
2023-01-11 14:01:33,50,55,7617,10230
2023-01-11 14:02:00,48,55,7617,10230
2023-01-11 14:02:00,49,55,7617,10230
2023-01-11 14:02:00,51,55,7617,10230
2023-01-11 14:02:22,51,57,7617,10230
2023-01-11 14:02:28,51,54,7617,10230
2023-01-11 14:02:28,49,54,7617,10230
2023-01-11 14:02:53,49,57,7617,10230
2023-01-11 14:02:54,49,53,7617,10230
2023-01-11 14:02:54,48,53,7617,10230
2023-01-11 14:03:53,45,53,7617,10230
2023-01-11 14:03:54,45,54,7617,10230
2023-01-11 14:03:54,45,52,7617,10230
2023-01-11 14:03:54,47,52,7617,10230
2023-01-11 14:04:25,47,54,7617,10230
2023-01-11 14:04:25,47,56,7617,10230
2023-01-11 14:04:25,47,53,7617,10230
2023-01-11 14:04:54,47,55,7617,10230
2023-01-11 14:04:55,47,52,7617,10230
2023-01-11 14:04:55,46,52,7617,10230
2023-01-11 14:05:30,46,54,7617,10230
2023-01-11 14:05:30,46,59,7617,10230
2023-01-11 14:05:30,45,59,7617,10230
2023-01-11 14:05:30,45,55,7617,10230
2023-01-11 14:05:30,45,51,7617,10230
2023-01-11 14:06:25,45,48,7617,10230
2023-01-11 14:06:25,43,48,7617,10230
2023-01-11 14:06:53,43,47,7617,10230
2023-01-11 14:06:53,43,45,7617,10230
2023-01-11 14:06:54,39,45,7617,10230
2023-01-11 14:07:25,39,44,7617,10230
2023-01-11 14:07:55,38,44,7617,10230
2023-01-11 14:08:25,38,46,7813,10426
2023-01-11 14:08:26,38,49,7813,10426
2023-01-11 14:08:26,34,49,7813,10426
2023-01-11 14:08:26,33,49,7813,10426
2023-01-11 14:08:27,39,49,7813,10426
2023-01-11 14:08:27,39,45,7813,10426
2023-01-11 14:08:40,39,47,8018,10631
2023-01-11 14:09:26,45,47,8018,10631
2023-01-11 14:09:26,45,49,8018,10631
2023-01-11 14:10:06,45,50,8018,10631
2023-01-11 14:10:35,45,52,8018,10631
2023-01-11 14:10:36,45,54,8018,10631
2023-01-11 14:10:37,45,53,8018,10631
2023-01-11 14:10:37,45,51,8018,10631
2023-01-11 14:11:06,45,53,8018,10631
2023-01-11 14:11:06,47,53,8018,10631
2023-01-11 14:11:34,48,53,8018,10631
2023-01-11 14:12:26,48,54,8018,10631
2023-01-11 14:13:24,48,55,8018,10631
2023-01-11 14:13:24,48,53,8018,10631
2023-01-11 14:13:25,48,51,8018,10631
2023-01-11 14:13:26,46,51,8018,10631
2023-01-11 14:13:53,46,53,8018,10631
2023-01-11 14:13:54,48,53,8018,10631
2023-01-11 14:14:25,46,53,8018,10631
2023-01-11 14:14:26,47,53,8018,10631
2023-01-11 14:15:29,47,53,8118,10731
2023-01-11 14:15:34,47,49,8118,10731
2023-01-11 14:15:34,46,49,8118,10731
2023-01-11 14:16:04,46,51,8118,10731
2023-01-11 14:16:05,46,50,8118,10731
2023-01-11 14:17:02,46,52,8118,10731
2023-01-11 14:17:31,46,56,8118,10731
2023-01-11 14:17:31,46,55,8118,10731
2023-01-11 14:17:31,46,53,8118,10731
2023-01-11 14:17:31,48,53,8118,10731
2023-01-11 14:18:25,48,57,8118,10731
2023-01-11 14:18:25,46,57,8118,10731
2023-01-11 14:18:26,46,56,8118,10731
2023-01-11 14:18:26,49,56,8118,10731
2023-01-11 14:18:26,49,54,8118,10731
2023-01-11 14:18:53,49,58,8118,10731
2023-01-11 14:18:54,49,55,8118,10731
2023-01-11 14:19:26,50,55,8118,10731
2023-01-11 14:19:26,50,57,8118,10731
2023-01-11 14:19:26,50,56,8118,10731
2023-01-11 14:19:55,51,56,8118,10731
2023-01-11 14:19:55,53,56,8118,10731
2023-01-11 14:19:56,53,58,8118,10731
2023-01-11 14:20:37,46,58,8118,10731
2023-01-11 14:20:37,48,58,8118,10731
2023-01-11 14:20:38,52,58,8118,10731
2023-01-11 14:22:54,54,58,8118,10731
2023-01-11 14:22:54,54,63,8118,10731
2023-01-11 14:22:54,54,59,8118,10731
2023-01-11 14:23:25,54,61,8118,10731
2023-01-11 14:23:25,54,63,8118,10731
2023-01-11 14:23:25,54,62,8118,10731
2023-01-11 14:23:25,54,60,8118,10731
2023-01-11 14:23:53,55,60,8118,10731
2023-01-11 14:24:25,54,60,8118,10731
2023-01-11 14:25:31,54,59,8118,10731
2023-01-11 14:26:54,54,60,8118,10731
2023-01-11 14:27:23,47,60,8118,10731
2023-01-11 14:27:24,53,60,8118,10731
2023-01-11 14:27:24,55,60,8118,10731
2023-01-11 14:28:24,55,61,8118,10731
2023-01-11 14:28:54,53,61,8118,10731
2023-01-11 14:28:54,55,61,8118,10731
2023-01-11 14:30:35,55,63,8118,10731
2023-01-11 14:30:35,55,58,8118,10731
2023-01-11 14:30:36,52,58,8118,10731
2023-01-11 14:31:30,51,58,8118,10731
2023-01-11 14:31:30,53,58,8118,10731
2023-01-11 14:31:30,55,58,8118,10731
2023-01-11 14:31:31,55,61,8118,10731
2023-01-11 14:32:26,55,65,8118,10731
2023-01-11 14:32:26,59,65,8118,10731
2023-01-11 14:32:53,59,63,8118,10731
2023-01-11 14:32:54,58,63,8118,10731
2023-01-11 14:33:54,57,63,8118,10731
2023-01-11 14:33:54,59,63,8118,10731
2023-01-11 14:33:54,61,63,8118,10731
2023-01-11 14:33:54,61,63,8130,10743
2023-01-11 14:33:54,61,65,8130,10743
2023-01-11 14:33:55,61,66,8130,10743
2023-01-11 14:34:53,59,66,8130,10743
2023-01-11 14:34:53,60,66,8130,10743
2023-01-11 14:34:54,60,67,8130,10743
2023-01-11 14:34:55,62,67,8130,10743
2023-01-11 14:35:32,62,65,8130,10743
2023-01-11 14:35:32,59,65,8130,10743
2023-01-11 14:36:25,57,65,8130,10743
2023-01-11 14:36:25,58,65,8130,10743
2023-01-11 14:36:25,58,66,8130,10743
2023-01-11 14:36:26,58,64,8130,10743
2023-01-11 14:36:52,54,64,8130,10743
2023-01-11 14:36:52,57,64,8130,10743
2023-01-11 14:36:52,59,64,8130,10743
2023-01-11 14:36:53,59,65,8130,10743
2023-01-11 14:37:23,57,65,8130,10743
2023-01-11 14:37:23,58,65,8130,10743
2023-01-11 14:37:23,60,65,8130,10743
2023-01-11 14:37:29,60,69,8376,10989
2023-01-11 14:37:55,60,70,8376,10989
2023-01-11 14:37:55,61,70,8376,10989
2023-01-11 14:37:55,63,70,8376,10989
2023-01-11 14:37:55,65,70,8376,10989
2023-01-11 14:38:25,64,70,8376,10989
2023-01-11 14:38:52,63,70,8376,10989
2023-01-11 14:38:52,65,70,8376,10989
2023-01-11 14:39:25,65,72,8376,10989
2023-01-11 14:39:26,65,70,8376,10989
2023-01-11 14:39:28,64,70,8376,10989
2023-01-11 14:39:53,64,73,8376,10989
2023-01-11 14:39:53,64,71,8376,10989
2023-01-11 14:39:54,64,69,8376,10989
2023-01-11 14:41:04,62,69,8376,10989
2023-01-11 14:41:04,62,66,8376,10989
2023-01-11 14:41:05,56,66,8376,10989
2023-01-11 14:41:05,61,66,8376,10989
2023-01-11 14:41:31,61,68,8376,10989
2023-01-11 14:41:32,60,68,8376,10989
2023-01-11 14:41:32,62,68,8376,10989
2023-01-11 14:41:52,62,68,8381,10994
2023-01-11 14:42:23,60,68,8381,10994
2023-01-11 14:42:23,58,68,8381,10994
2023-01-11 14:42:23,56,68,8381,10994
2023-01-11 14:42:23,59,68,8381,10994
2023-01-11 14:42:23,61,68,8381,10994
2023-01-11 14:42:23,63,68,8381,10994
2023-01-11 14:42:24,63,69,8381,10994
2023-01-11 14:42:53,64,69,8381,10994
2023-01-11 14:42:53,64,70,8381,10994
2023-01-11 14:43:24,63,70,8381,10994
2023-01-11 14:43:24,65,70,8381,10994
2023-01-11 14:43:53,66,70,8381,10994
2023-01-11 14:43:54,66,72,8381,10994
2023-01-11 14:44:24,67,72,8381,10994
2023-01-11 14:44:33,67,76,8651,11264
2023-01-11 14:44:33,67,75,8651,11264
2023-01-11 14:44:33,67,76,8651,11264
2023-01-11 14:44:35,67,75,8651,11264
2023-01-11 14:44:35,67,76,8651,11264
2023-01-11 14:44:55,67,75,8651,11264
2023-01-11 14:44:55,71,75,8651,11264
2023-01-11 14:44:55,71,76,8651,11264
2023-01-11 14:45:30,71,78,8651,11264
2023-01-11 14:45:30,71,75,8651,11264
2023-01-11 14:45:30,70,75,8651,11264
2023-01-11 14:46:24,70,76,8651,11264
2023-01-11 14:46:24,70,74,8651,11264
2023-01-11 14:46:24,68,74,8651,11264
2023-01-11 14:46:25,69,74,8651,11264
2023-01-11 14:47:23,67,74,8651,11264
2023-01-11 14:47:23,67,75,8651,11264
2023-01-11 14:47:24,70,75,8651,11264
2023-01-11 14:47:52,70,77,8651,11264
2023-01-11 14:47:52,70,76,8651,11264
2023-01-11 14:47:52,68,76,8651,11264
2023-01-11 14:47:52,68,74,8651,11264
2023-01-11 14:48:24,70,74,8651,11264
2023-01-11 14:48:25,70,75,8651,11264
2023-01-11 14:48:49,74,75,8651,11264
2023-01-11 14:48:54,68,74,8751,11364
2023-01-11 14:48:54,62,74,8751,11364
2023-01-11 14:48:54,65,74,8751,11364
2023-01-11 14:48:54,67,74,8751,11364
2023-01-11 14:48:54,69,74,8751,11364
2023-01-11 14:49:23,67,74,8751,11364
2023-01-11 14:49:23,67,73,8751,11364
2023-01-11 14:49:24,62,73,8751,11364
2023-01-11 14:49:24,66,73,8751,11364
2023-01-11 14:49:24,68,73,8751,11364
2023-01-11 14:49:54,69,73,8751,11364
2023-01-11 14:49:54,69,74,8751,11364
2023-01-11 14:50:23,69,74,8751,11464
2023-01-11 14:50:33,67,74,8751,11464
2023-01-11 14:50:34,67,72,8751,11464
2023-01-11 14:51:02,66,72,8751,11464
2023-01-11 14:51:02,66,74,8751,11464
2023-01-11 14:51:02,66,71,8751,11464
2023-01-11 14:53:25,64,71,8751,11464
2023-01-11 14:53:25,64,70,8751,11464
2023-01-11 14:53:26,65,70,8751,11464
2023-01-11 14:55:30,65,72,8751,11464
2023-01-11 14:55:30,65,73,8751,11464
2023-01-11 14:55:31,65,71,8751,11464
2023-01-11 14:56:24,65,73,8751,11464
2023-01-11 14:56:25,65,70,8751,11464
2023-01-11 14:56:53,65,71,8751,11464
2023-01-11 14:56:54,63,71,8751,11464
2023-01-11 14:56:54,63,69,8751,11464
2023-01-11 14:57:24,61,69,8751,11464
2023-01-11 14:57:25,61,68,8751,11464
2023-01-11 14:57:25,59,68,8751,11464
2023-01-11 14:57:25,60,68,8751,11464
2023-01-11 14:57:25,62,68,8751,11464
2023-01-11 14:57:26,62,70,8865,11578
2023-01-11 14:57:55,65,70,8865,11578
2023-01-11 14:57:55,65,71,8865,11578
2023-01-11 14:58:23,65,73,8865,11578
2023-01-11 14:58:23,65,70,8865,11578
2023-01-11 14:58:52,65,74,8865,11578
2023-01-11 14:58:53,66,74,8865,11578
2023-01-11 14:58:53,66,73,8865,11578
2023-01-11 14:58:53,66,71,8865,11578
2023-01-11 15:00:37,68,71,8865,11578
2023-01-11 15:00:39,68,73,8865,11578
2023-01-11 15:01:07,68,75,8865,11578
2023-01-11 15:01:07,70,75,8865,11578
2023-01-11 15:02:26,71,75,8865,11578
2023-01-11 15:02:26,71,78,8865,11578
2023-01-11 15:02:28,71,76,8865,11578
2023-01-11 15:02:55,70,76,8865,11578
2023-01-11 15:02:55,72,76,8865,11578
2023-01-11 15:02:55,72,77,8865,11578
2023-01-11 15:03:52,72,74,8865,11578
2023-01-11 15:03:53,69,74,8865,11578
2023-01-11 15:04:05,69,74,8866,11579
2023-01-11 15:04:26,69,76,8866,11579
2023-01-11 15:04:26,69,75,8866,11579
2023-01-11 15:04:26,70,75,8866,11579
2023-01-11 15:04:54,70,77,8866,11579
2023-01-11 15:04:54,72,77,8866,11579
2023-01-11 15:05:29,72,79,8866,11579
2023-01-11 15:05:30,74,79,8866,11579
2023-01-11 15:06:25,70,79,8866,11579
2023-01-11 15:06:25,70,74,8866,11579
2023-01-11 15:06:26,67,74,8866,11579
2023-01-11 15:06:27,69,74,8866,11579
2023-01-11 15:07:52,69,76,8866,11579
2023-01-11 15:07:52,71,76,8866,11579
2023-01-11 15:08:25,72,76,8866,11579
2023-01-11 15:08:25,72,77,8866,11579
2023-01-11 15:09:24,72,79,8866,11579
2023-01-11 15:09:24,70,79,8866,11579
2023-01-11 15:09:24,70,78,8866,11579
2023-01-11 15:09:24,73,78,8866,11579
2023-01-11 15:09:54,71,78,8866,11579
2023-01-11 15:09:54,71,76,8866,11579
2023-01-11 15:11:22,71,78,8866,11579
2023-01-11 15:11:24,73,78,8866,11579
2023-01-11 15:11:53,71,78,8866,11579
2023-01-11 15:11:53,69,78,8866,11579
2023-01-11 15:11:53,70,78,8866,11579
2023-01-11 15:11:53,72,78,8866,11579
2023-01-11 15:11:53,72,80,8866,11579
2023-01-11 15:11:53,72,79,8866,11579
2023-01-11 15:11:55,74,79,8866,11579
2023-01-11 15:12:25,74,81,8961,11674
2023-01-11 15:12:25,74,83,8961,11674
2023-01-11 15:12:26,74,87,8961,11674
2023-01-11 15:12:26,72,87,8961,11674
2023-01-11 15:12:26,72,84,8961,11674
2023-01-11 15:12:26,75,84,8961,11674
2023-01-11 15:12:26,77,84,8961,11674
2023-01-11 15:12:26,77,82,8961,11674
2023-01-11 15:12:52,75,82,8961,11674
2023-01-11 15:12:52,73,82,8961,11674
2023-01-11 15:12:52,73,84,8961,11674
2023-01-11 15:12:53,73,86,8961,11674
2023-01-11 15:12:53,64,86,8961,11674
2023-01-11 15:12:53,78,86,8961,11674
2023-01-11 15:12:53,80,86,8961,11674
2023-01-11 15:12:54,80,85,8961,11674
2023-01-11 15:13:09,80,84,8961,11674
2023-01-11 15:13:09,80,85,8961,11674
2023-01-11 15:13:24,80,87,8961,11674
2023-01-11 15:13:24,80,81,8961,11674
2023-01-11 15:13:26,74,81,8961,11674
2023-01-11 15:13:53,76,81,8961,11674
2023-01-11 15:13:59,76,83,9046,11759
2023-01-11 15:14:09,79,83,9046,11759
2023-01-11 15:14:23,79,84,9046,11759
2023-01-11 15:14:24,79,82,9046,11759
2023-01-11 15:14:53,79,83,9046,11759
2023-01-11 15:15:29,79,82,9046,11759
2023-01-11 15:16:25,79,84,9046,11759
2023-01-11 15:16:25,80,84,9046,11759
2023-01-11 15:16:40,81,84,9046,11759
2023-01-11 15:16:53,81,85,9046,11759
2023-01-11 15:17:40,81,86,9143,11856
2023-01-11 15:17:46,80,86,9143,11856
2023-01-11 15:17:52,79,86,9143,11856
2023-01-11 15:17:53,81,86,9143,11856
2023-01-11 15:18:23,79,86,9143,11856
2023-01-11 15:18:23,80,86,9143,11856
2023-01-11 15:18:24,80,85,9143,11856
2023-01-11 15:18:24,80,86,9254,11967
2023-01-11 15:18:31,80,87,9311,12024
2023-01-11 15:18:54,84,87,9311,12024
2023-01-11 15:19:23,82,87,9311,12024
2023-01-11 15:19:24,80,87,9311,12024
2023-01-11 15:19:24,69,87,9311,12024
2023-01-11 15:19:31,69,93,9361,12074
2023-01-11 15:19:31,69,92,9361,12074
2023-01-11 15:20:52,75,92,9361,12074
2023-01-11 15:20:52,75,98,9361,12074
2023-01-11 15:20:53,75,97,9361,12074
2023-01-11 15:20:53,75,96,9361,12074
2023-01-11 15:21:00,76,96,9361,12074
2023-01-11 15:21:02,85,96,9361,12074
2023-01-11 15:21:02,86,96,9361,12074
2023-01-11 15:21:02,86,91,9361,12074
2023-01-11 15:21:03,86,90,9361,12074
2023-01-11 15:21:28,85,90,9361,12074
2023-01-11 15:21:29,84,90,9361,12074
2023-01-11 15:21:29,84,91,9361,12074
2023-01-11 15:21:29,84,96,9361,12074
2023-01-11 15:22:05,84,95,9361,12074
2023-01-11 15:22:24,84,90,9361,12074
2023-01-11 15:22:24,85,90,9361,12074
2023-01-11 15:22:25,85,89,9361,12074
2023-01-11 15:23:53,86,89,9361,12074
2023-01-11 15:23:53,86,90,9361,12074
2023-01-11 15:24:26,84,90,9361,12074
2023-01-11 15:24:26,84,95,9361,12074
2023-01-11 15:25:41,84,94,9361,12074
2023-01-11 15:26:39,84,93,9361,12074
2023-01-11 15:26:44,75,93,9411,12174
2023-01-11 15:26:45,75,92,9411,12174
2023-01-11 15:26:57,81,92,9411,12174
2023-01-11 15:27:05,81,92,9413,12176
2023-01-11 15:27:15,81,90,9413,12176
2023-01-11 15:27:30,83,90,9413,12176
2023-01-11 15:29:30,83,90,9417,12183
2023-01-11 15:30:37,82,90,9539,12427
2023-01-11 15:30:49,81,90,9539,12427
2023-01-11 15:30:49,68,90,9539,12427
2023-01-11 15:30:58,78,90,9539,12427
2023-01-11 15:31:08,78,89,9539,12427
2023-01-11 15:31:30,78,89,9543,12431
2023-01-11 15:32:15,83,89,9543,12431
2023-01-11 15:32:22,78,89,9543,12431
2023-01-11 15:36:08,78,90,9543,12431
2023-01-11 15:36:10,78,87,9543,12431
2023-01-11 15:38:17,78,87,9544,12432
2023-01-11 15:38:28,78,87,9547,12435
2023-01-11 15:38:37,78,87,9824,12990
2023-01-11 15:38:39,66,87,9824,12990
2023-01-11 15:39:33,59,87,9824,12990
2023-01-11 15:39:33,52,87,9824,12990
2023-01-11 15:39:34,45,87,9824,12990
2023-01-11 15:39:34,38,87,9824,12990
2023-01-11 15:39:34,0,87,9824,12990
2023-01-11 15:39:34,0,94,9824,12990
2023-01-11 15:39:34,0,95,9824,12990
2023-01-11 15:39:53,64,95,9824,12990
2023-01-11 15:39:53,64,94,9824,12990
2023-01-11 15:39:53,75,94,9824,12990
2023-01-11 15:39:53,75,86,9824,12990
2023-01-11 15:41:22,64,86,9824,12990
2023-01-11 15:41:58,57,86,9824,12990
2023-01-11 15:41:58,50,86,9824,12990
2023-01-11 15:41:59,43,86,9824,12990
2023-01-11 15:41:59,36,86,9824,12990
2023-01-11 15:41:59,0,86,9824,12990
2023-01-11 15:41:59,0,93,9824,12990
2023-01-11 15:41:59,0,95,9824,12990
2023-01-11 15:42:04,82,95,9824,12990
2023-01-11 15:42:10,82,91,9824,12990
2023-01-11 15:43:10,64,91,9824,12990
2023-01-11 15:43:19,85,91,9824,12990
2023-01-11 15:43:55,85,95,9824,12990
2023-01-11 15:44:33,85,94,9824,12990
2023-01-11 15:45:46,85,95,9924,13090
2023-01-11 15:46:43,87,95,9924,13090
2023-01-11 15:46:53,87,98,9924,13090
2023-01-11 15:47:04,87,97,9924,13090
2023-01-11 15:47:20,87,98,10024,13190
2023-01-11 15:47:39,91,98,10024,13190
2023-01-11 15:48:01,0,98,10024,13190
2023-01-11 15:48:04,75,98,10024,13190
2023-01-11 15:48:13,88,98,10024,13190
2023-01-11 15:48:27,89,98,10024,13190
2023-01-11 15:48:58,90,98,10024,13190
2023-01-11 15:49:06,91,98,10024,13190
2023-01-11 15:49:14,92,98,10024,13190
2023-01-11 15:49:25,93,98,10024,13190
2023-01-11 15:49:40,93,99,10024,13190
2023-01-11 15:49:49,95,99,10024,13190
2023-01-11 15:50:03,95,100,10124,13290
2023-01-11 15:50:18,99,100,10124,13290
2023-01-11 15:50:22,99,100,10224,13390
2023-01-11 15:50:29,95,100,10224,13390
2023-01-11 15:50:41,98,100,10224,13390
2023-01-11 15:50:45,98,100,10324,13490
2023-01-11 15:50:54,98,100,10424,13590
2023-01-11 15:51:36,99,100,10424,13590
2023-01-11 15:51:45,99,100,10524,13690
