datetime,bid,ask,open_interest,volume
2023-07-18 09:31:00,5,6,1229,1232
2023-07-18 09:31:00,4,5,1480,1483
2023-07-18 09:31:00,4,5,1680,1683
2023-07-18 09:31:00,4,5,1682,1685
2023-07-18 09:31:00,3,4,1731,1734
2023-07-18 09:31:00,3,4,1774,1777
2023-07-18 09:31:03,3,4,1814,1817
2023-07-18 09:31:03,3,4,1934,1937
2023-07-18 09:31:07,3,4,2014,2017
2023-07-18 09:31:20,3,4,2017,2020
2023-07-18 09:31:43,3,4,2117,2120
2023-07-18 09:36:25,2,4,2233,2236
2023-07-18 09:37:06,3,4,2233,2236
2023-07-18 09:38:17,3,4,2465,2586
2023-07-18 09:38:25,3,4,2815,2936
2023-07-18 09:40:22,3,4,3165,3286
2023-07-18 09:40:48,3,4,3515,3636
2023-07-18 09:41:06,3,4,3865,3986
2023-07-18 09:41:11,3,4,4215,4336
2023-07-18 09:41:15,3,4,4565,4686
2023-07-18 09:41:19,3,4,4915,5036
2023-07-18 09:41:25,3,5,6117,6238
2023-07-18 09:41:42,3,6,6144,6267
2023-07-18 09:42:27,4,6,6144,6267
2023-07-18 09:42:41,3,6,6144,6267
2023-07-18 09:42:45,4,6,6144,6267
2023-07-18 09:42:48,5,6,6144,6267
2023-07-18 09:42:48,5,6,6144,6369
2023-07-18 09:42:48,5,6,6144,6466
2023-07-18 09:43:20,4,6,6144,6466
2023-07-18 09:45:07,5,6,6144,6466
2023-07-18 09:45:14,5,6,6143,6666
2023-07-18 09:45:20,5,6,6162,6685
2023-07-18 09:45:23,5,6,6662,7185
2023-07-18 09:45:28,4,6,6662,7185
2023-07-18 09:45:49,4,7,6662,7185
2023-07-18 09:45:59,5,7,6662,7185
2023-07-18 09:46:00,4,7,6662,7185
2023-07-18 09:46:01,5,7,6662,7185
2023-07-18 09:46:49,4,7,6662,7185
2023-07-18 09:46:51,5,7,6662,7185
2023-07-18 09:46:53,4,7,6662,7185
2023-07-18 09:46:54,5,7,6662,7185
2023-07-18 09:47:04,6,7,6662,7185
2023-07-18 09:47:17,6,8,8662,9186
2023-07-18 09:47:20,6,10,8662,9186
2023-07-18 09:47:27,6,9,8662,9186
2023-07-18 09:47:33,7,9,8662,9186
2023-07-18 09:47:39,7,8,8662,9186
2023-07-18 09:48:07,7,9,8662,9186
2023-07-18 09:48:10,7,8,8662,9186
2023-07-18 09:48:16,7,9,8662,9186
2023-07-18 09:48:17,7,8,8662,9186
2023-07-18 09:48:20,7,9,8662,9186
2023-07-18 09:48:26,7,8,8662,9186
2023-07-18 09:49:00,7,9,8662,9186
2023-07-18 09:49:04,7,8,8662,9186
2023-07-18 09:51:13,6,7,8670,9194
2023-07-18 09:51:14,6,8,8670,9194
2023-07-18 09:51:14,6,7,8670,9194
2023-07-18 09:51:34,5,6,8677,9201
2023-07-18 09:51:41,5,7,8677,9201
2023-07-18 09:51:43,4,7,8677,9201
2023-07-18 09:51:43,3,7,8677,9201
2023-07-18 09:51:48,3,6,8677,9201
2023-07-18 09:51:56,3,7,8677,9201
2023-07-18 09:51:59,4,7,8677,9201
2023-07-18 09:52:38,4,6,8677,9201
2023-07-18 09:52:53,3,6,8677,9201
2023-07-18 09:53:29,3,7,8677,9201
2023-07-18 09:54:11,4,7,8677,9201
2023-07-18 09:54:23,4,8,8677,9201
2023-07-18 09:54:24,4,7,8677,9201
2023-07-18 09:54:25,4,8,8677,9201
2023-07-18 09:54:39,4,7,8677,9201
2023-07-18 09:55:03,4,8,8677,9201
2023-07-18 09:55:07,4,7,8677,9201
2023-07-18 09:55:08,4,8,8677,9201
2023-07-18 09:55:14,4,7,8677,9201
2023-07-18 09:55:15,4,8,8677,9201
2023-07-18 09:55:25,5,8,8677,9201
2023-07-18 09:55:26,4,8,8677,9201
2023-07-18 09:55:47,4,7,8677,9201
2023-07-18 09:55:55,4,8,8677,9201
2023-07-18 09:56:17,5,8,8677,9201
2023-07-18 09:59:40,6,8,8677,9201
2023-07-18 09:59:45,5,8,8677,9201
2023-07-18 09:59:47,6,8,8677,9201
2023-07-18 09:59:51,7,8,8677,9201
2023-07-18 09:59:58,7,8,8553,9401
2023-07-18 10:00:03,7,9,8553,9705
2023-07-18 10:00:06,8,9,8553,9705
2023-07-18 10:00:09,8,12,8553,9705
2023-07-18 10:00:10,8,11,8553,9705
2023-07-18 10:01:18,8,12,8553,9705
2023-07-18 10:01:58,9,12,8553,9705
2023-07-18 10:02:01,8,12,8553,9705
2023-07-18 10:02:43,9,12,8553,9705
2023-07-18 10:02:49,8,12,8553,9705
2023-07-18 10:02:49,9,12,8553,9705
2023-07-18 10:03:29,8,12,8553,9705
2023-07-18 10:03:39,9,12,8553,9705
2023-07-18 10:03:45,8,12,8553,9705
2023-07-18 10:03:45,9,12,8553,9705
2023-07-18 10:03:51,9,11,8553,9705
2023-07-18 10:03:59,8,11,8553,9705
2023-07-18 10:04:31,7,11,8553,9705
2023-07-18 10:04:38,8,11,8553,9705
2023-07-18 10:04:46,8,12,8553,9705
2023-07-18 10:05:12,9,12,8553,9705
2023-07-18 10:05:17,9,13,8553,9705
2023-07-18 10:05:36,9,12,8553,9705
2023-07-18 10:05:42,9,13,8553,9705
2023-07-18 10:06:02,10,13,8553,9705
2023-07-18 10:06:08,10,14,8553,9705
2023-07-18 10:07:00,10,13,8553,9705
2023-07-18 10:07:00,9,13,8553,9705
2023-07-18 10:07:01,9,14,8553,9705
2023-07-18 10:07:02,10,14,8553,9705
2023-07-18 10:07:39,10,13,8553,9705
2023-07-18 10:08:14,10,14,8553,9705
2023-07-18 10:08:28,11,14,8553,9705
2023-07-18 10:08:28,11,13,8553,9705
2023-07-18 10:08:30,11,14,8553,9705
2023-07-18 10:08:30,11,13,8553,9705
2023-07-18 10:08:30,11,14,8553,9705
2023-07-18 10:09:02,11,13,8553,9705
2023-07-18 10:09:03,11,13,8603,9755
2023-07-18 10:09:03,11,14,8603,9755
2023-07-18 10:09:03,11,14,8603,9755
2023-07-18 10:09:03,11,13,8603,9755
2023-07-18 10:09:35,10,13,8603,9755
2023-07-18 10:09:38,10,12,8603,9755
2023-07-18 10:10:06,9,12,8603,9755
2023-07-18 10:10:24,9,11,8603,9755
2023-07-18 10:10:46,10,11,8603,9755
2023-07-18 10:10:50,9,11,8603,9755
2023-07-18 10:10:51,10,11,8603,9755
2023-07-18 10:10:55,10,12,8603,9755
2023-07-18 10:11:06,10,11,8603,9755
2023-07-18 10:11:27,10,12,8603,9755
2023-07-18 10:12:02,10,11,8603,9755
2023-07-18 10:12:09,10,11,8603,9799
2023-07-18 10:12:40,9,11,8603,9799
2023-07-18 10:13:09,9,12,8603,9799
2023-07-18 10:13:21,9,11,8603,9799
2023-07-18 10:13:37,9,12,8603,9799
2023-07-18 10:13:39,9,11,8603,9799
2023-07-18 10:14:45,9,13,8603,9807
2023-07-18 10:14:46,9,12,8603,9807
2023-07-18 10:15:47,9,11,8603,9807
2023-07-18 10:16:45,9,12,8603,9807
2023-07-18 10:17:57,10,12,8603,9807
2023-07-18 10:18:25,10,11,8603,9807
2023-07-18 10:18:37,8,11,8603,9807
2023-07-18 10:19:21,8,10,8603,9807
2023-07-18 10:19:39,8,11,8603,9807
2023-07-18 10:20:41,8,10,8603,9807
2023-07-18 10:20:48,8,11,8603,9807
2023-07-18 10:20:49,8,10,8603,9807
2023-07-18 10:20:51,8,11,8603,9807
2023-07-18 10:20:51,8,10,8608,9812
2023-07-18 10:21:12,8,9,8608,9812
2023-07-18 10:21:13,7,9,8608,9812
2023-07-18 10:21:27,7,10,8608,9812
2023-07-18 10:21:31,8,10,8608,9812
2023-07-18 10:22:19,8,9,8608,9812
2023-07-18 10:22:39,7,9,8608,9812
2023-07-18 10:23:09,8,9,8608,9812
2023-07-18 10:23:09,8,10,8608,9812
2023-07-18 10:23:28,8,9,8608,9812
2023-07-18 10:23:28,8,9,8758,9962
2023-07-18 10:23:29,8,10,8758,9962
2023-07-18 10:24:13,7,10,8758,9962
2023-07-18 10:24:29,7,9,8758,9962
2023-07-18 10:24:55,7,9,8758,10026
2023-07-18 10:25:03,7,10,8758,10026
2023-07-18 10:25:03,7,8,8758,10026
2023-07-18 10:25:52,7,8,8758,10050
2023-07-18 10:26:09,6,8,8758,10050
2023-07-18 10:26:48,6,9,8758,10050
2023-07-18 10:26:48,6,7,8758,10050
2023-07-18 10:26:50,6,9,8758,10116
2023-07-18 10:26:58,6,10,8758,10116
2023-07-18 10:26:59,6,9,8758,10116
2023-07-18 10:27:53,6,10,8758,10116
2023-07-18 10:27:55,6,9,8758,10116
2023-07-18 10:28:47,6,10,8758,10116
2023-07-18 10:28:53,6,9,8758,10116
2023-07-18 10:28:54,6,10,8758,10116
2023-07-18 10:28:57,6,9,8758,10116
2023-07-18 10:28:59,6,10,8758,10116
2023-07-18 10:29:01,7,10,8758,10116
2023-07-18 10:29:28,7,11,8758,10116
2023-07-18 10:29:29,7,10,8758,10116
2023-07-18 10:29:35,7,11,8758,10116
2023-07-18 10:29:40,7,10,8758,10116
2023-07-18 10:30:03,7,9,8758,10116
2023-07-18 10:30:04,7,10,8758,10116
2023-07-18 10:30:11,8,10,8758,10116
2023-07-18 10:30:21,7,10,8758,10116
2023-07-18 10:30:22,8,10,8758,10116
2023-07-18 10:30:28,8,9,8758,10116
2023-07-18 10:30:39,7,9,8758,10116
2023-07-18 10:30:39,6,9,8758,10116
2023-07-18 10:30:49,6,8,8758,10116
2023-07-18 10:31:01,6,8,8758,10121
2023-07-18 10:32:33,6,9,8758,10121
2023-07-18 10:32:40,6,8,8758,10121
2023-07-18 10:32:42,6,9,8758,10121
2023-07-18 10:33:11,6,10,8758,10121
2023-07-18 10:33:11,6,9,8758,10121
2023-07-18 10:33:11,6,10,8758,10121
2023-07-18 10:33:27,6,9,8758,10121
2023-07-18 10:34:20,6,8,8758,10121
2023-07-18 10:34:27,6,8,8758,10131
2023-07-18 10:35:10,6,9,8758,10131
2023-07-18 10:36:33,6,8,8758,10131
2023-07-18 10:36:46,6,9,8758,10131
2023-07-18 10:36:49,6,8,8758,10131
2023-07-18 10:36:57,6,9,8758,10131
2023-07-18 10:37:04,6,10,8758,10131
2023-07-18 10:37:12,7,10,8758,10131
2023-07-18 10:38:16,7,9,8758,10131
2023-07-18 10:38:37,6,9,8758,10131
2023-07-18 10:39:13,6,10,8758,10131
2023-07-18 10:39:18,6,9,8758,10131
2023-07-18 10:39:22,6,10,8758,10131
2023-07-18 10:39:45,7,10,8758,10131
2023-07-18 10:40:07,7,11,8758,10131
2023-07-18 10:40:19,7,10,8758,10131
2023-07-18 10:40:22,7,11,8758,10131
2023-07-18 10:40:22,7,10,8758,10131
2023-07-18 10:40:30,8,10,8758,10131
2023-07-18 10:40:35,10,12,8758,10132
2023-07-18 10:40:35,10,12,8763,10137
2023-07-18 10:40:37,10,11,8763,10137
2023-07-18 10:40:53,10,12,8763,10137
2023-07-18 10:41:25,10,11,8763,10137
2023-07-18 10:41:25,10,12,9854,11288
2023-07-18 10:41:26,10,11,9854,11288
2023-07-18 10:41:29,10,12,9854,11288
2023-07-18 10:41:29,10,11,9854,11288
2023-07-18 10:42:01,10,12,9854,11288
2023-07-18 10:42:27,10,13,9854,11288
2023-07-18 10:42:27,10,12,9854,11288
2023-07-18 10:42:42,11,12,9854,11288
2023-07-18 10:43:10,11,13,9854,11288
2023-07-18 10:43:10,11,12,9854,11288
2023-07-18 10:43:16,11,13,9854,11288
2023-07-18 10:43:16,11,12,9854,11288
2023-07-18 10:43:19,10,12,9854,11288
2023-07-18 10:43:19,10,13,9854,11288
2023-07-18 10:43:19,10,12,9854,11288
2023-07-18 10:43:23,11,12,9854,11288
2023-07-18 10:43:23,11,13,9854,11288
2023-07-18 10:43:23,11,12,9854,11288
2023-07-18 10:43:27,10,12,9854,11288
2023-07-18 10:43:27,10,13,9854,11288
2023-07-18 10:43:27,10,12,9854,11288
2023-07-18 10:43:36,11,12,9854,11288
2023-07-18 10:43:43,11,13,9854,11288
2023-07-18 10:43:43,11,12,9854,11288
2023-07-18 10:43:45,11,12,9854,11298
2023-07-18 10:43:54,11,13,9854,11298
2023-07-18 10:44:24,11,12,9854,11298
2023-07-18 10:44:37,11,12,9854,11338
2023-07-18 10:45:07,11,13,9854,11338
2023-07-18 10:45:14,10,13,9854,11338
2023-07-18 10:45:14,12,13,9854,11338
2023-07-18 10:45:14,13,14,10654,12138
2023-07-18 10:45:14,13,14,10677,12161
2023-07-18 10:45:15,13,14,10877,12361
2023-07-18 10:45:16,13,14,10928,12412
2023-07-18 10:45:16,13,15,10928,12412
2023-07-18 10:45:16,13,14,10928,12412
2023-07-18 10:45:20,13,15,10928,12412
2023-07-18 10:45:20,13,14,10928,12412
2023-07-18 10:45:21,13,15,10928,12412
2023-07-18 10:45:22,13,14,10928,12412
2023-07-18 10:45:22,13,14,10928,12612
2023-07-18 10:45:26,13,15,10928,12612
2023-07-18 10:45:26,13,15,11013,12714
2023-07-18 10:45:26,13,16,11013,12714
2023-07-18 10:45:26,13,15,11013,12714
2023-07-18 10:45:28,13,15,11013,12765
2023-07-18 10:45:45,12,15,11013,12765
2023-07-18 10:46:08,13,15,11013,12765
2023-07-18 10:46:12,14,15,11013,12765
2023-07-18 10:46:12,14,15,11013,12775
2023-07-18 10:46:14,14,16,11013,12775
2023-07-18 10:46:26,13,16,11013,12775
2023-07-18 10:46:35,14,16,11013,12775
2023-07-18 10:46:44,14,17,11013,12775
2023-07-18 10:46:58,13,17,11013,12775
2023-07-18 10:46:59,13,16,11013,12775
2023-07-18 10:47:22,14,16,11013,12775
2023-07-18 10:47:25,13,16,11013,12775
2023-07-18 10:47:27,14,16,11013,12775
2023-07-18 10:47:28,13,16,11013,12775
2023-07-18 10:47:29,14,16,11013,12775
2023-07-18 10:47:30,14,17,11013,12775
2023-07-18 10:49:53,15,17,11013,12775
2023-07-18 10:49:59,16,17,11013,12775
2023-07-18 10:50:01,16,17,11006,12782
2023-07-18 10:50:01,15,17,11006,12782
2023-07-18 10:50:02,16,17,11006,12782
2023-07-18 10:50:03,15,17,11006,12782
2023-07-18 10:50:15,16,17,11006,12782
2023-07-18 10:50:19,15,17,11006,12782
2023-07-18 10:51:05,14,17,11006,12782
2023-07-18 10:51:25,14,16,11006,12782
2023-07-18 10:51:27,13,16,11006,12782
2023-07-18 10:51:41,12,16,11006,12782
2023-07-18 10:51:41,12,15,11006,12782
2023-07-18 10:51:48,12,15,11106,12882
2023-07-18 10:51:49,13,15,11106,12882
2023-07-18 10:52:08,14,15,11106,12882
2023-07-18 10:52:09,13,15,11106,12882
2023-07-18 10:52:11,14,15,11106,12882
2023-07-18 10:52:22,14,16,11106,12882
2023-07-18 10:53:04,13,16,11106,12882
2023-07-18 10:53:08,14,16,11106,12882
2023-07-18 10:53:18,13,16,11106,12882
2023-07-18 10:53:41,12,16,11106,12882
2023-07-18 10:53:45,12,15,11106,12882
2023-07-18 10:54:29,13,15,11106,12882
2023-07-18 10:55:36,12,15,11106,12882
2023-07-18 10:55:37,13,15,11106,12882
2023-07-18 10:55:39,12,15,11106,12882
2023-07-18 10:55:44,13,15,11106,12882
2023-07-18 10:55:51,12,15,11106,12882
2023-07-18 10:55:52,13,15,11106,12882
2023-07-18 10:55:53,12,15,11106,12882
2023-07-18 10:56:09,13,15,11106,12882
2023-07-18 10:56:12,12,15,11106,12882
2023-07-18 10:56:13,13,15,11106,12882
2023-07-18 10:56:54,13,16,11106,12882
2023-07-18 10:57:04,13,15,11106,12882
2023-07-18 10:57:21,14,15,11106,12882
2023-07-18 10:57:49,14,16,11106,12882
2023-07-18 10:57:56,13,16,11106,12882
2023-07-18 10:58:04,14,16,11106,12882
2023-07-18 10:58:24,13,16,11106,12882
2023-07-18 10:59:36,14,16,11106,12882
2023-07-18 11:00:01,15,16,11106,12882
2023-07-18 11:00:02,16,17,11106,12883
2023-07-18 11:00:10,15,17,11106,12883
2023-07-18 11:00:13,16,17,11106,12883
2023-07-18 11:00:30,16,18,11106,12883
2023-07-18 11:01:13,15,18,11106,12883
2023-07-18 11:01:15,16,18,11106,12883
2023-07-18 11:02:00,15,18,11106,12883
2023-07-18 11:02:03,15,17,11106,12883
2023-07-18 11:02:36,16,17,11106,12883
2023-07-18 11:02:37,16,17,11104,12885
2023-07-18 11:03:01,16,18,11104,12885
2023-07-18 11:03:01,16,17,11104,12885
2023-07-18 11:03:12,17,18,11104,12980
2023-07-18 11:03:12,17,18,11104,13075
2023-07-18 11:03:56,17,18,11104,13170
2023-07-18 11:04:06,17,19,11104,13170
2023-07-18 11:04:44,18,19,11104,13170
2023-07-18 11:04:47,18,20,11104,13170
2023-07-18 11:04:47,18,20,11104,13172
2023-07-18 11:05:02,19,20,11104,13172
2023-07-18 11:05:08,18,20,11104,13172
2023-07-18 11:05:24,17,20,11104,13172
2023-07-18 11:05:28,17,19,11104,13172
2023-07-18 11:06:55,18,19,11104,13172
2023-07-18 11:06:56,18,19,11104,13174
2023-07-18 11:07:12,18,20,11104,13174
2023-07-18 11:07:12,19,20,11104,13174
2023-07-18 11:07:20,18,20,11104,13174
2023-07-18 11:07:20,18,20,11104,13175
2023-07-18 11:07:30,18,20,11104,13176
2023-07-18 11:07:40,19,20,11104,13176
2023-07-18 11:07:43,19,20,11104,13178
2023-07-18 11:08:05,18,20,11104,13178
2023-07-18 11:08:16,19,20,11104,13178
2023-07-18 11:09:38,18,20,11104,13178
2023-07-18 11:09:47,19,20,11104,13178
2023-07-18 11:11:27,20,21,11104,13179
2023-07-18 11:11:30,20,22,11106,13181
2023-07-18 11:11:30,21,22,11106,13181
2023-07-18 11:11:33,21,23,11106,13181
2023-07-18 11:11:34,21,23,11106,13183
2023-07-18 11:11:46,20,23,11106,13183
2023-07-18 11:12:14,21,23,11106,13183
2023-07-18 11:12:17,21,23,11106,13186
2023-07-18 11:12:33,20,23,11106,13186
2023-07-18 11:12:35,20,22,11106,13186
2023-07-18 11:12:54,20,23,11106,13186
2023-07-18 11:12:54,20,22,11106,13186
2023-07-18 11:12:54,19,21,11106,13186
2023-07-18 11:13:04,19,20,11106,13186
2023-07-18 11:13:08,19,21,11106,13186
2023-07-18 11:13:08,19,22,11106,13186
2023-07-18 11:13:08,19,21,11106,13186
2023-07-18 11:15:31,20,21,11106,13186
2023-07-18 11:16:03,19,21,11106,13186
2023-07-18 11:16:35,19,20,11106,13186
2023-07-18 11:17:37,18,20,11106,13186
2023-07-18 11:17:41,18,19,11106,13186
2023-07-18 11:18:40,18,20,11106,13186
2023-07-18 11:18:43,19,20,11106,13186
2023-07-18 11:19:43,19,21,11106,13186
2023-07-18 11:20:46,19,20,11106,13186
2023-07-18 11:21:05,18,20,11106,13186
2023-07-18 11:21:57,19,20,11106,13186
2023-07-18 11:23:27,18,20,11106,13186
2023-07-18 11:23:38,18,19,11106,13186
2023-07-18 11:24:58,18,20,11106,13186
2023-07-18 11:24:59,18,20,11105,13199
2023-07-18 11:25:01,17,20,11105,13199
2023-07-18 11:25:53,17,20,11115,13209
2023-07-18 11:29:06,17,19,11115,13209
2023-07-18 11:29:08,17,18,11115,13209
2023-07-18 11:29:16,17,19,11115,13209
2023-07-18 11:29:24,16,19,11115,13209
2023-07-18 11:29:35,16,18,11115,13209
2023-07-18 11:30:04,16,17,11115,13209
2023-07-18 11:30:06,16,18,11115,13209
2023-07-18 11:30:06,15,18,11173,13268
2023-07-18 11:30:06,15,17,11173,13268
2023-07-18 11:30:08,14,17,11173,13268
2023-07-18 11:30:10,14,16,11173,13268
2023-07-18 11:30:18,13,14,11173,13269
2023-07-18 11:31:14,13,15,11272,13368
2023-07-18 11:31:21,13,14,11272,13368
2023-07-18 11:31:29,12,13,11271,13369
2023-07-18 11:31:45,12,14,11271,13369
2023-07-18 11:31:45,11,12,11270,13370
2023-07-18 11:32:08,11,13,11270,13370
2023-07-18 11:32:08,10,11,11269,13371
2023-07-18 11:32:17,10,12,11270,13427
2023-07-18 11:32:20,10,13,11270,13427
2023-07-18 11:32:22,11,13,11270,13427
2023-07-18 11:32:32,12,13,11270,13427
2023-07-18 11:32:47,12,14,11270,13427
2023-07-18 11:32:47,12,15,11270,13427
2023-07-18 11:32:52,11,15,11270,13427
2023-07-18 11:32:59,12,15,11270,13427
2023-07-18 11:33:17,13,15,11270,13427
2023-07-18 11:33:18,12,15,11270,13427
2023-07-18 11:33:20,13,15,11270,13427
2023-07-18 11:33:38,13,16,11270,13427
2023-07-18 11:33:43,12,16,11270,13427
2023-07-18 11:33:46,12,15,11270,13427
2023-07-18 11:33:47,11,15,11270,13427
2023-07-18 11:33:57,12,15,11270,13427
2023-07-18 11:34:02,13,15,11270,13427
2023-07-18 11:34:22,13,16,11270,13427
2023-07-18 11:34:25,14,16,11270,13427
2023-07-18 11:34:28,13,16,11270,13427
2023-07-18 11:34:35,14,16,11270,13427
2023-07-18 11:34:37,13,16,11270,13427
2023-07-18 11:34:37,13,17,11270,13427
2023-07-18 11:34:38,13,16,11270,13427
2023-07-18 11:34:39,13,17,11270,13427
2023-07-18 11:34:40,13,16,11270,13427
2023-07-18 11:34:42,13,17,11270,13427
2023-07-18 11:34:44,13,16,11270,13427
2023-07-18 11:34:47,13,17,11270,13427
2023-07-18 11:34:58,13,16,11270,13427
2023-07-18 11:35:00,12,16,11270,13427
2023-07-18 11:35:03,12,13,11270,13427
2023-07-18 11:35:43,12,14,11281,13438
2023-07-18 11:35:43,13,14,11281,13438
2023-07-18 11:36:05,13,16,11281,13438
2023-07-18 11:36:05,13,17,11281,13438
2023-07-18 11:36:05,14,17,11281,13438
2023-07-18 11:36:08,13,17,11281,13438
2023-07-18 11:36:15,14,17,11281,13438
2023-07-18 11:36:22,13,17,11281,13438
2023-07-18 11:36:23,13,16,11281,13438
2023-07-18 11:36:30,13,17,11281,13438
2023-07-18 11:36:32,13,16,11281,13438
2023-07-18 11:36:33,13,17,11281,13438
2023-07-18 11:36:36,13,16,11281,13438
2023-07-18 11:36:37,13,17,11281,13438
2023-07-18 11:36:38,13,16,11281,13438
2023-07-18 11:36:39,13,17,11281,13438
2023-07-18 11:36:42,13,16,11281,13438
2023-07-18 11:36:43,13,17,11281,13438
2023-07-18 11:36:43,13,16,11281,13438
2023-07-18 11:36:44,13,17,11281,13438
2023-07-18 11:36:47,13,16,11281,13438
2023-07-18 11:36:48,13,17,11281,13438
2023-07-18 11:36:52,14,17,11281,13438
2023-07-18 11:37:02,13,17,11281,13438
2023-07-18 11:37:04,14,17,11281,13438
2023-07-18 11:37:38,13,17,11281,13438
2023-07-18 11:37:40,13,16,11281,13438
2023-07-18 11:37:43,12,16,11281,13438
2023-07-18 11:37:53,13,16,11281,13438
2023-07-18 11:38:04,14,16,11281,13438
2023-07-18 11:38:17,15,16,11281,13438
2023-07-18 11:38:18,15,17,11281,13438
2023-07-18 11:38:43,16,17,11281,13438
2023-07-18 11:38:46,15,17,11281,13438
2023-07-18 11:38:54,15,18,11281,13438
2023-07-18 11:39:03,16,18,11281,13438
2023-07-18 11:39:12,17,18,11281,13438
2023-07-18 11:39:19,16,18,11281,13438
2023-07-18 11:39:33,17,18,11281,13438
2023-07-18 11:39:35,17,19,11281,13438
2023-07-18 11:39:41,18,19,11281,13438
2023-07-18 11:39:58,18,20,11281,13438
2023-07-18 11:40:02,17,20,11281,13438
2023-07-18 11:40:03,18,20,11281,13438
2023-07-18 11:40:15,19,20,11281,13438
2023-07-18 11:40:18,18,20,11281,13438
2023-07-18 11:40:36,19,20,11281,13438
2023-07-18 11:40:38,18,20,11281,13438
2023-07-18 11:40:41,19,20,11281,13438
2023-07-18 11:40:56,18,20,11281,13438
2023-07-18 11:41:04,17,20,11281,13438
2023-07-18 11:41:09,18,20,11281,13438
2023-07-18 11:41:11,17,20,11281,13438
2023-07-18 11:41:13,18,20,11281,13438
2023-07-18 11:41:43,17,20,11281,13438
2023-07-18 11:41:48,18,20,11281,13438
2023-07-18 11:42:31,19,20,11281,13438
2023-07-18 11:42:44,20,21,11281,13439
2023-07-18 11:42:52,22,23,11281,13441
2023-07-18 11:42:56,22,25,11281,13441
2023-07-18 11:43:00,20,25,11281,13441
2023-07-18 11:43:00,20,24,11281,13441
2023-07-18 11:43:04,20,23,11281,13441
2023-07-18 11:43:06,20,24,11281,13441
2023-07-18 11:43:08,20,23,11281,13441
2023-07-18 11:43:21,20,22,11281,13441
2023-07-18 11:43:22,20,23,11281,13441
2023-07-18 11:43:27,20,22,11281,13441
2023-07-18 11:43:28,20,23,11281,13441
2023-07-18 11:43:30,20,22,11281,13441
2023-07-18 11:43:42,19,22,11312,13541
2023-07-18 11:43:42,19,21,11312,13541
2023-07-18 11:43:43,19,20,11312,13541
2023-07-18 11:43:44,18,19,11312,13542
2023-07-18 11:43:47,17,18,11312,13543
2023-07-18 11:44:08,16,18,11312,13543
2023-07-18 11:44:17,17,18,11312,13543
2023-07-18 11:44:23,17,19,11314,13545
2023-07-18 11:44:24,18,19,11314,13545
2023-07-18 11:45:21,18,20,11314,13545
2023-07-18 11:45:23,19,20,11314,13545
2023-07-18 11:45:37,19,21,11314,13545
2023-07-18 11:45:38,20,21,11314,13545
2023-07-18 11:45:40,19,21,11314,13545
2023-07-18 11:45:42,20,21,11314,13545
2023-07-18 11:45:53,19,21,11314,13545
2023-07-18 11:45:57,20,21,11314,13545
2023-07-18 11:46:01,19,21,11314,13545
2023-07-18 11:46:18,20,21,11314,13545
2023-07-18 11:46:40,22,23,11314,13547
2023-07-18 11:46:57,23,24,11314,13548
2023-07-18 11:47:00,24,25,11314,13549
2023-07-18 11:47:02,24,25,11312,13551
2023-07-18 11:47:11,24,26,11283,13651
2023-07-18 11:47:15,24,28,11283,13651
2023-07-18 11:47:17,25,28,11283,13651
2023-07-18 11:47:37,26,28,11283,13651
2023-07-18 11:47:42,25,28,11283,13651
2023-07-18 11:47:44,27,28,11283,13651
2023-07-18 11:47:46,27,29,11283,13651
2023-07-18 11:47:47,27,29,11277,13657
2023-07-18 11:48:10,26,29,11277,13657
2023-07-18 11:48:15,25,29,11277,13657
2023-07-18 11:48:20,26,29,11277,13657
2023-07-18 11:48:23,25,29,11277,13657
2023-07-18 11:48:25,26,29,11277,13657
2023-07-18 11:48:25,29,30,11278,13658
2023-07-18 11:48:28,29,30,11278,13668
2023-07-18 11:48:55,29,30,11278,13670
2023-07-18 11:49:23,30,31,11278,13672
2023-07-18 11:49:24,31,32,11278,13673
2023-07-18 11:49:25,32,33,11278,13676
2023-07-18 11:49:32,33,34,11278,13677
2023-07-18 11:49:37,33,37,11278,13677
2023-07-18 11:49:37,34,37,11278,13677
2023-07-18 11:49:41,34,36,11278,13677
2023-07-18 11:49:42,33,36,11278,13677
2023-07-18 11:49:50,34,36,11278,13677
2023-07-18 11:49:54,35,36,11278,13677
2023-07-18 11:50:03,35,36,11278,13681
2023-07-18 11:50:04,36,37,11278,13684
2023-07-18 11:50:05,35,37,11278,13685
2023-07-18 11:50:10,34,37,11278,13685
2023-07-18 11:50:14,34,36,11278,13685
2023-07-18 11:50:15,35,36,11278,13685
2023-07-18 11:50:15,35,37,11278,13685
2023-07-18 11:50:18,34,37,11278,13685
2023-07-18 11:50:25,34,36,11278,13685
2023-07-18 11:50:28,34,37,11278,13685
2023-07-18 11:50:35,34,36,11278,13685
2023-07-18 11:50:36,34,35,11278,13685
2023-07-18 11:50:52,32,35,11278,13685
2023-07-18 11:50:59,33,35,11278,13685
2023-07-18 11:51:00,33,35,11279,13686
2023-07-18 11:51:01,34,35,11279,13686
2023-07-18 11:51:09,35,36,11279,13687
2023-07-18 11:51:13,35,37,11279,13687
2023-07-18 11:51:13,34,37,11279,13687
2023-07-18 11:51:13,34,36,11279,13687
2023-07-18 11:51:30,35,36,11279,13687
2023-07-18 11:51:39,34,36,11279,13687
2023-07-18 11:51:42,34,35,11279,13687
2023-07-18 11:51:49,33,35,11278,13688
2023-07-18 11:51:53,33,36,11278,13688
2023-07-18 11:51:53,33,35,11278,13688
2023-07-18 11:51:54,34,35,11278,13688
2023-07-18 11:52:19,35,36,11278,13689
2023-07-18 11:52:32,35,37,11278,13689
2023-07-18 11:52:45,36,37,11278,13689
2023-07-18 11:52:49,37,38,11278,13690
2023-07-18 11:53:04,37,39,11278,13691
2023-07-18 11:53:05,39,40,11278,13692
2023-07-18 11:53:06,38,40,11278,13692
2023-07-18 11:53:06,38,40,11278,13695
2023-07-18 11:53:18,37,40,11278,13695
2023-07-18 11:53:18,37,39,11278,13695
2023-07-18 11:53:19,36,39,11278,13695
2023-07-18 11:53:20,36,38,11278,13695
2023-07-18 11:53:21,35,38,11278,13695
2023-07-18 11:53:21,35,37,11278,13695
2023-07-18 11:53:22,35,38,11278,13695
2023-07-18 11:53:22,35,37,11278,13695
2023-07-18 11:53:22,35,36,11278,13695
2023-07-18 11:53:37,34,35,11277,13696
2023-07-18 11:53:41,34,36,11277,13696
2023-07-18 11:53:41,34,35,11277,13696
2023-07-18 11:53:54,33,34,11276,13697
2023-07-18 11:53:58,33,35,11276,13697
2023-07-18 11:53:58,33,34,11274,13699
2023-07-18 11:53:59,31,33,11274,13701
2023-07-18 11:54:01,31,34,11274,13701
2023-07-18 11:54:07,31,33,11274,13701
2023-07-18 11:54:27,32,33,11274,13701
2023-07-18 11:54:38,32,34,11274,13701
2023-07-18 11:54:38,32,35,11274,13701
2023-07-18 11:54:38,33,35,11274,13701
2023-07-18 11:54:45,32,35,11274,13701
2023-07-18 11:54:56,33,35,11274,13701
2023-07-18 11:55:00,32,35,11274,13701
2023-07-18 11:55:02,33,35,11274,13701
2023-07-18 11:55:12,34,35,11274,13701
2023-07-18 11:55:14,34,36,11274,13701
2023-07-18 11:55:45,34,35,11274,13701
2023-07-18 11:56:00,33,35,11274,13701
2023-07-18 11:56:07,32,35,11274,13701
2023-07-18 11:56:12,33,35,11274,13701
2023-07-18 11:56:15,32,35,11274,13701
2023-07-18 11:56:20,33,35,11274,13701
2023-07-18 11:56:21,32,35,11724,14151
2023-07-18 11:56:44,33,35,11724,14151
2023-07-18 11:56:45,34,35,11724,14151
2023-07-18 11:56:53,32,35,11724,14151
2023-07-18 11:57:16,32,34,11724,14151
2023-07-18 11:57:18,31,34,11724,14151
2023-07-18 11:57:20,31,33,11724,14151
2023-07-18 11:57:22,31,34,11724,14151
2023-07-18 11:57:22,31,32,11724,14151
2023-07-18 11:57:25,31,34,11724,14151
2023-07-18 11:57:25,31,33,11724,14151
2023-07-18 11:57:30,31,34,11724,14151
2023-07-18 11:57:30,31,34,11789,14352
2023-07-18 11:57:38,31,33,11789,14352
2023-07-18 11:57:43,31,34,11789,14352
2023-07-18 11:57:44,31,33,11789,14352
2023-07-18 11:57:49,30,33,11789,14352
2023-07-18 11:57:57,31,33,11789,14352
2023-07-18 11:58:00,30,33,11789,14352
2023-07-18 11:58:07,30,32,11789,14352
2023-07-18 11:58:11,30,33,11789,14352
2023-07-18 11:58:12,30,32,11789,14352
2023-07-18 11:58:32,31,32,11789,14352
2023-07-18 11:58:33,30,32,11789,14352
2023-07-18 11:58:47,31,32,11789,14352
2023-07-18 11:58:51,31,33,11790,14353
2023-07-18 11:58:55,32,33,11790,14353
2023-07-18 11:59:01,32,34,11791,14354
2023-07-18 11:59:09,31,34,11791,14354
2023-07-18 11:59:11,31,34,11792,14754
2023-07-18 11:59:11,32,34,11792,14754
2023-07-18 11:59:12,32,35,11792,14805
2023-07-18 11:59:19,32,36,11792,14805
2023-07-18 11:59:20,31,36,11792,14805
2023-07-18 11:59:20,32,36,11792,14805
2023-07-18 11:59:37,33,36,11792,14805
2023-07-18 11:59:41,33,37,11792,14805
2023-07-18 12:01:03,34,37,11792,14805
2023-07-18 12:01:08,35,37,11792,14805
2023-07-18 12:01:14,34,37,11792,14805
2023-07-18 12:01:17,35,37,11792,14805
2023-07-18 12:01:18,36,37,11792,14805
2023-07-18 12:01:19,35,37,11792,14805
2023-07-18 12:01:28,35,38,11792,14805
2023-07-18 12:01:30,36,38,11792,14805
2023-07-18 12:01:34,35,38,11792,14805
2023-07-18 12:01:35,34,38,11792,14805
2023-07-18 12:01:40,35,38,11792,14805
2023-07-18 12:01:42,34,38,11792,14805
2023-07-18 12:01:42,34,37,11792,14805
2023-07-18 12:01:44,33,37,11792,14805
2023-07-18 12:01:45,33,36,11792,14805
2023-07-18 12:01:46,33,36,11892,14905
2023-07-18 12:01:47,33,37,11892,14905
2023-07-18 12:01:47,34,37,11892,14905
2023-07-18 12:01:49,34,36,11892,14905
2023-07-18 12:01:49,33,36,11892,14905
2023-07-18 12:01:51,33,35,11892,14905
2023-07-18 12:01:56,33,36,11892,14905
2023-07-18 12:01:57,33,35,11892,14905
2023-07-18 12:01:59,33,35,11892,14910
2023-07-18 12:02:00,33,36,11892,14910
2023-07-18 12:02:00,33,35,11892,14910
2023-07-18 12:02:01,32,35,11892,14910
2023-07-18 12:02:01,33,35,11892,14910
2023-07-18 12:02:01,34,35,11892,14910
2023-07-18 12:02:10,33,35,11892,14910
2023-07-18 12:02:10,32,35,11892,14910
2023-07-18 12:02:10,33,35,11892,14910
2023-07-18 12:02:12,32,35,11892,14910
2023-07-18 12:02:13,32,35,12047,15161
2023-07-18 12:02:13,32,34,12047,15161
2023-07-18 12:02:15,33,34,12047,15161
2023-07-18 12:02:18,32,34,12047,15161
2023-07-18 12:02:18,31,34,12047,15161
2023-07-18 12:02:18,32,34,12047,15161
2023-07-18 12:02:25,33,34,12047,15161
2023-07-18 12:02:26,33,35,12047,15161
2023-07-18 12:02:29,33,34,12047,15161
2023-07-18 12:02:34,32,34,12047,15161
2023-07-18 12:02:36,32,33,12047,15161
2023-07-18 12:02:56,32,33,12142,15256
2023-07-18 12:03:24,30,32,12141,15257
2023-07-18 12:03:27,30,33,12141,15257
2023-07-18 12:03:28,30,32,12141,15257
2023-07-18 12:04:05,31,32,12141,15257
2023-07-18 12:04:20,31,33,12142,15258
2023-07-18 12:04:21,31,34,12298,15414
2023-07-18 12:04:22,32,34,12298,15414
2023-07-18 12:04:29,31,34,12298,15414
2023-07-18 12:04:42,31,33,12298,15414
2023-07-18 12:04:43,31,34,12298,15414
2023-07-18 12:04:43,31,32,12298,15414
2023-07-18 12:04:53,30,32,12298,15414
2023-07-18 12:05:02,30,33,12299,15664
2023-07-18 12:05:07,31,33,12299,15664
2023-07-18 12:05:08,31,34,12299,15664
2023-07-18 12:05:08,31,35,12299,15664
2023-07-18 12:05:27,30,35,12299,15664
2023-07-18 12:05:29,31,35,12299,15664
2023-07-18 12:05:30,30,35,12299,15664
2023-07-18 12:05:31,30,34,12299,15664
2023-07-18 12:05:31,31,34,12299,15664
2023-07-18 12:05:33,31,33,12299,15664
2023-07-18 12:05:42,31,34,12299,15664
2023-07-18 12:05:44,31,35,12299,15664
2023-07-18 12:05:45,31,34,12299,15664
2023-07-18 12:06:03,31,35,12299,15664
2023-07-18 12:06:25,32,35,12299,15664
2023-07-18 12:06:27,31,35,12299,15664
2023-07-18 12:06:37,32,35,12299,15664
2023-07-18 12:06:56,31,35,12299,15664
2023-07-18 12:07:05,31,35,12298,15760
2023-07-18 12:07:05,31,34,12298,15760
2023-07-18 12:07:06,31,33,12298,15760
2023-07-18 12:07:07,30,33,12298,15760
2023-07-18 12:07:13,30,32,12298,15760
2023-07-18 12:07:14,30,31,12298,15760
2023-07-18 12:07:29,29,30,12295,15763
2023-07-18 12:07:32,29,31,12295,15763
2023-07-18 12:07:34,29,30,12295,15763
2023-07-18 12:07:34,27,30,12545,16018
2023-07-18 12:07:35,28,30,12545,16018
2023-07-18 12:07:38,27,30,12545,16018
2023-07-18 12:07:53,27,29,12545,16018
2023-07-18 12:07:54,26,29,12545,16018
2023-07-18 12:07:58,26,30,12545,16018
2023-07-18 12:07:58,26,28,12545,16018
2023-07-18 12:07:59,25,28,12545,16018
2023-07-18 12:08:02,26,28,12545,16018
2023-07-18 12:08:03,26,30,12545,16018
2023-07-18 12:08:03,26,29,12545,16018
2023-07-18 12:08:06,27,29,12545,16018
2023-07-18 12:08:11,26,29,12545,16018
2023-07-18 12:08:13,27,29,12545,16018
2023-07-18 12:08:53,28,29,12545,16018
2023-07-18 12:08:59,27,29,12545,16018
2023-07-18 12:09:15,28,29,12545,16018
2023-07-18 12:09:25,28,30,12545,16018
2023-07-18 12:09:27,29,30,12545,16018
2023-07-18 12:09:29,28,30,12545,16018
2023-07-18 12:09:35,29,30,12545,16018
2023-07-18 12:09:43,28,30,12545,16018
2023-07-18 12:10:01,27,30,12545,16018
2023-07-18 12:10:10,28,30,12545,16018
2023-07-18 12:10:12,27,30,12545,16018
2023-07-18 12:10:23,27,29,12545,16018
2023-07-18 12:10:26,26,29,12545,16018
2023-07-18 12:10:29,26,30,12545,16018
2023-07-18 12:10:29,25,30,12545,16018
2023-07-18 12:10:29,25,28,12545,16018
2023-07-18 12:10:30,25,30,12545,16018
2023-07-18 12:10:30,24,30,12545,16018
2023-07-18 12:10:30,24,27,12545,16018
2023-07-18 12:10:34,24,30,12545,16018
2023-07-18 12:10:34,24,26,12545,16018
2023-07-18 12:10:47,24,25,12545,16018
2023-07-18 12:10:50,24,26,12545,16360
2023-07-18 12:11:05,24,25,12545,16360
2023-07-18 12:11:15,23,25,12892,16707
2023-07-18 12:11:17,23,26,12892,16707
2023-07-18 12:11:29,24,26,12892,16707
2023-07-18 12:11:33,25,26,12892,16707
2023-07-18 12:11:40,25,27,12893,16708
2023-07-18 12:11:40,26,27,12893,16708
2023-07-18 12:11:48,26,28,12893,16708
2023-07-18 12:11:48,26,29,12893,16708
2023-07-18 12:11:57,27,29,12893,16708
2023-07-18 12:12:05,27,30,12893,16708
2023-07-18 12:12:05,27,31,12893,16708
2023-07-18 12:12:13,28,31,12893,16708
2023-07-18 12:12:20,27,31,12893,16708
2023-07-18 12:12:29,26,31,12893,16708
2023-07-18 12:12:36,27,31,12893,16708
2023-07-18 12:12:42,28,31,12893,16708
2023-07-18 12:12:52,27,31,12893,16708
2023-07-18 12:12:54,28,31,12893,16708
2023-07-18 12:13:05,27,31,12893,16708
2023-07-18 12:13:18,28,31,12893,16708
2023-07-18 12:13:29,27,31,12893,16708
2023-07-18 12:13:40,28,31,12893,16708
2023-07-18 12:13:45,27,31,12893,16708
2023-07-18 12:13:54,27,30,12893,16708
2023-07-18 12:13:59,26,30,12893,16708
2023-07-18 12:14:08,27,30,12893,16708
2023-07-18 12:14:18,26,30,12893,16708
2023-07-18 12:14:23,27,30,12893,16708
2023-07-18 12:14:39,26,30,12893,16708
2023-07-18 12:14:46,26,28,12893,16708
2023-07-18 12:14:50,25,28,12893,16708
2023-07-18 12:15:31,24,28,12893,16708
2023-07-18 12:15:31,24,27,12893,16708
2023-07-18 12:15:32,24,28,12893,16708
2023-07-18 12:15:38,25,28,12893,16708
2023-07-18 12:15:42,26,28,12893,16708
2023-07-18 12:16:17,27,28,12893,16708
2023-07-18 12:16:20,26,28,12893,16708
2023-07-18 12:16:28,26,29,12893,16708
2023-07-18 12:17:02,27,29,12893,16708
2023-07-18 12:17:19,28,29,12893,16708
2023-07-18 12:17:30,28,30,12893,16708
2023-07-18 12:17:41,29,30,12893,16708
2023-07-18 12:17:45,29,31,12893,16708
2023-07-18 12:17:45,28,31,12893,16708
2023-07-18 12:18:20,29,31,12893,16708
2023-07-18 12:18:23,28,31,12893,16708
2023-07-18 12:18:38,27,31,12893,16708
2023-07-18 12:18:39,28,31,12893,16708
2023-07-18 12:18:55,29,31,12893,16708
2023-07-18 12:19:04,28,31,12893,16708
2023-07-18 12:19:10,29,31,12893,16708
2023-07-18 12:19:17,28,31,12893,16708
2023-07-18 12:20:04,29,31,12893,16708
2023-07-18 12:20:18,29,32,12893,16710
2023-07-18 12:20:40,30,32,12893,16710
2023-07-18 12:20:41,29,32,12893,16710
2023-07-18 12:20:42,30,32,12893,16710
2023-07-18 12:20:45,29,32,12893,16710
2023-07-18 12:21:20,29,31,12893,16710
2023-07-18 12:21:25,29,32,12893,16710
2023-07-18 12:21:38,29,31,12893,16710
2023-07-18 12:21:51,29,30,12893,16710
2023-07-18 12:21:59,26,28,12889,16714
2023-07-18 12:22:03,26,29,12889,16714
2023-07-18 12:22:04,26,28,12889,16714
2023-07-18 12:22:07,25,28,12889,16714
2023-07-18 12:22:09,26,28,12889,16714
2023-07-18 12:22:16,25,28,12889,16714
2023-07-18 12:22:21,26,28,12889,16714
2023-07-18 12:22:26,27,28,12889,16714
2023-07-18 12:22:39,27,29,12889,16714
2023-07-18 12:22:47,26,29,12889,16714
2023-07-18 12:23:41,25,29,12889,16714
2023-07-18 12:23:41,25,28,12889,16714
2023-07-18 12:23:42,26,28,12889,16714
2023-07-18 12:23:47,26,27,12889,16714
2023-07-18 12:24:09,25,27,13021,16914
2023-07-18 12:24:09,24,27,13021,16914
2023-07-18 12:24:09,24,26,13021,16914
2023-07-18 12:24:10,22,24,13071,16964
2023-07-18 12:24:10,21,24,13071,16964
2023-07-18 12:24:10,21,23,13071,16964
2023-07-18 12:24:11,21,22,13071,16964
2023-07-18 12:24:21,20,22,13071,16964
2023-07-18 12:24:28,20,21,13071,16964
2023-07-18 12:24:30,19,20,13070,16965
2023-07-18 12:24:34,17,19,13068,16967
2023-07-18 12:24:36,17,20,13068,16967
2023-07-18 12:24:36,17,18,13068,16967
2023-07-18 12:24:45,16,18,13068,16967
2023-07-18 12:24:48,16,17,13068,16967
2023-07-18 12:25:04,15,16,13068,16968
2023-07-18 12:25:07,15,17,13167,17067
2023-07-18 12:25:08,16,17,13167,17067
2023-07-18 12:25:20,16,18,13168,17068
2023-07-18 12:25:26,15,18,13168,17068
2023-07-18 12:25:35,16,18,13168,17068
2023-07-18 12:25:43,16,19,13169,17069
2023-07-18 12:25:46,17,19,13169,17069
2023-07-18 12:25:52,16,19,13169,17069
2023-07-18 12:26:07,17,19,13169,17069
2023-07-18 12:26:10,17,20,13170,17070
2023-07-18 12:26:17,18,20,13170,17070
2023-07-18 12:26:32,19,20,13170,17070
2023-07-18 12:26:33,18,20,13170,17070
2023-07-18 12:27:04,19,20,13170,17070
2023-07-18 12:27:06,19,21,13171,17261
2023-07-18 12:27:10,20,21,13171,17261
2023-07-18 12:27:21,21,22,13171,17262
2023-07-18 12:27:28,21,23,13171,17262
2023-07-18 12:27:28,21,24,13171,17262
2023-07-18 12:28:00,22,24,13171,17262
2023-07-18 12:28:01,23,24,13171,17262
2023-07-18 12:28:11,24,25,13171,17263
2023-07-18 12:28:14,24,26,13229,17321
2023-07-18 12:28:17,24,27,13229,17321
2023-07-18 12:28:28,25,27,13229,17321
2023-07-18 12:28:30,24,27,13229,17321
2023-07-18 12:28:34,25,27,13229,17321
2023-07-18 12:28:42,24,27,13229,17321
2023-07-18 12:28:49,25,27,13229,17321
2023-07-18 12:28:53,25,28,13229,17321
2023-07-18 12:28:54,26,28,13229,17321
2023-07-18 12:29:13,25,28,13229,17321
2023-07-18 12:29:24,26,28,13229,17321
2023-07-18 12:29:26,25,28,13229,17321
2023-07-18 12:29:30,26,28,13229,17321
2023-07-18 12:29:33,26,29,13229,17321
2023-07-18 12:29:50,27,29,13229,17321
2023-07-18 12:30:14,27,30,13229,17321
2023-07-18 12:30:18,26,30,13229,17321
2023-07-18 12:30:18,26,29,13229,17321
2023-07-18 12:30:19,26,30,13229,17321
2023-07-18 12:30:20,26,29,13229,17321
2023-07-18 12:30:22,26,28,13229,17321
2023-07-18 12:30:22,25,28,13229,17321
2023-07-18 12:30:23,25,29,13229,17321
2023-07-18 12:30:25,26,29,13229,17321
2023-07-18 12:30:30,26,30,13229,17321
2023-07-18 12:30:31,26,29,13229,17321
2023-07-18 12:30:43,27,29,13229,17321
2023-07-18 12:30:45,26,29,13229,17321
2023-07-18 12:31:00,27,29,13229,17321
2023-07-18 12:31:01,26,29,13229,17321
2023-07-18 12:31:17,25,29,13229,17321
2023-07-18 12:31:21,26,29,13229,17321
2023-07-18 12:31:28,27,29,13229,17321
2023-07-18 12:31:36,26,29,13229,17321
2023-07-18 12:31:41,27,29,13229,17321
2023-07-18 12:31:44,26,29,13229,17321
2023-07-18 12:31:55,27,29,13229,17321
2023-07-18 12:32:01,25,29,13229,17321
2023-07-18 12:32:01,25,28,13229,17321
2023-07-18 12:32:03,25,27,13229,17321
2023-07-18 12:32:03,24,27,13229,17321
2023-07-18 12:32:06,24,28,13229,17321
2023-07-18 12:32:07,25,28,13229,17321
2023-07-18 12:32:10,26,28,13229,17321
2023-07-18 12:32:10,26,29,13229,17321
2023-07-18 12:32:11,25,29,13229,17321
2023-07-18 12:32:13,26,29,13229,17321
2023-07-18 12:32:15,27,29,13229,17321
2023-07-18 12:32:23,28,29,13229,17321
2023-07-18 12:32:26,27,29,13229,17321
2023-07-18 12:32:58,28,29,13229,17321
2023-07-18 12:33:02,27,29,13229,17321
2023-07-18 12:33:07,28,29,13229,17321
2023-07-18 12:33:09,28,30,13229,17321
2023-07-18 12:33:27,28,31,13229,17321
2023-07-18 12:33:30,29,31,13229,17321
2023-07-18 12:34:01,28,31,13229,17321
2023-07-18 12:34:06,29,31,13229,17321
2023-07-18 12:34:19,30,31,13229,17321
2023-07-18 12:34:19,30,32,13229,17321
2023-07-18 12:34:22,29,32,13229,17321
2023-07-18 12:34:33,28,32,13229,17321
2023-07-18 12:34:34,28,31,13229,17321
2023-07-18 12:34:35,27,31,13229,17321
2023-07-18 12:34:44,28,31,13229,17321
2023-07-18 12:34:48,29,31,13229,17321
2023-07-18 12:34:55,30,31,13229,17321
2023-07-18 12:34:58,29,31,13229,17321
2023-07-18 12:35:12,29,32,13229,17321
2023-07-18 12:35:31,28,32,13229,17321
2023-07-18 12:35:32,28,30,13229,17321
2023-07-18 12:35:36,28,31,13229,17321
2023-07-18 12:35:44,29,31,13229,17321
2023-07-18 12:35:44,29,32,13229,17321
2023-07-18 12:36:08,28,32,13229,17321
2023-07-18 12:36:08,28,31,13229,17321
2023-07-18 12:36:23,28,32,13229,17321
2023-07-18 12:36:24,29,32,13229,17321
2023-07-18 12:36:24,29,31,13229,17321
2023-07-18 12:36:31,30,31,13229,17321
2023-07-18 12:36:34,29,31,13229,17321
2023-07-18 12:36:42,30,31,13229,17321
2023-07-18 12:36:43,30,32,13229,17321
2023-07-18 12:36:52,29,32,13229,17321
2023-07-18 12:37:02,30,32,13229,17321
2023-07-18 12:37:03,29,32,13229,17321
2023-07-18 12:37:12,30,32,13229,17321
2023-07-18 12:37:25,29,32,13229,17321
2023-07-18 12:37:29,30,32,13229,17321
2023-07-18 12:38:03,31,32,13229,17321
2023-07-18 12:38:22,31,33,13229,17321
2023-07-18 12:38:22,31,34,13229,17321
2023-07-18 12:38:29,32,34,13229,17321
2023-07-18 12:38:35,31,34,13229,17321
2023-07-18 12:38:40,32,34,13229,17321
2023-07-18 12:38:54,31,34,13229,17321
2023-07-18 12:39:05,30,34,13229,17321
2023-07-18 12:39:05,30,33,13229,17321
2023-07-18 12:39:34,29,33,13229,17321
2023-07-18 12:39:34,29,32,13229,17321
2023-07-18 12:39:40,29,33,13229,17321
2023-07-18 12:39:41,30,33,13229,17321
2023-07-18 12:40:07,31,33,13229,17321
2023-07-18 12:40:14,30,33,13229,17321
2023-07-18 12:40:18,31,33,13229,17321
2023-07-18 12:40:25,32,33,13229,17321
2023-07-18 12:40:41,33,34,13229,17322
2023-07-18 12:40:41,33,35,13229,17322
2023-07-18 12:40:47,32,35,13229,17322
2023-07-18 12:41:22,31,35,13229,17322
2023-07-18 12:41:26,32,35,13229,17322
2023-07-18 12:41:57,33,35,13229,17322
2023-07-18 12:41:58,32,35,13229,17322
2023-07-18 12:42:03,31,35,13229,17322
2023-07-18 12:42:06,31,34,13229,17322
2023-07-18 12:42:15,32,34,13229,17322
2023-07-18 12:42:19,31,34,13229,17322
2023-07-18 12:42:32,31,33,13229,17322
2023-07-18 12:42:35,31,32,13229,17322
2023-07-18 12:42:38,30,31,13228,17323
2023-07-18 12:42:49,28,31,13228,17348
2023-07-18 12:43:16,28,30,13228,17348
2023-07-18 12:44:50,29,30,13228,17348
2023-07-18 12:45:09,29,31,13228,17348
2023-07-18 12:45:09,30,31,13228,17348
2023-07-18 12:45:30,29,31,13228,17348
2023-07-18 12:45:38,28,31,13228,17348
2023-07-18 12:45:51,29,31,13228,17348
2023-07-18 12:46:12,30,31,13228,17348
2023-07-18 12:46:21,29,31,13228,17348
2023-07-18 12:46:23,29,32,13228,17348
2023-07-18 12:46:25,29,31,13228,17348
2023-07-18 12:46:26,28,31,13228,17348
2023-07-18 12:46:52,28,30,13228,17348
2023-07-18 12:46:54,28,31,13228,17348
2023-07-18 12:46:55,28,30,13228,17348
2023-07-18 12:46:59,28,29,13228,17348
2023-07-18 12:47:20,28,30,13228,17348
2023-07-18 12:47:59,28,29,13228,17348
2023-07-18 12:48:01,26,29,13228,17448
2023-07-18 12:48:24,25,29,13228,17448
2023-07-18 12:48:24,25,28,13228,17448
2023-07-18 12:48:25,25,29,13228,17448
2023-07-18 12:48:25,25,28,13228,17448
2023-07-18 12:48:42,25,27,13228,17448
2023-07-18 12:48:45,25,28,13228,17448
2023-07-18 12:48:46,24,27,13228,17448
2023-07-18 12:48:52,24,28,13228,17448
2023-07-18 12:48:52,24,27,13228,17448
2023-07-18 12:49:07,23,27,13228,17448
2023-07-18 12:49:10,24,27,13228,17448
2023-07-18 12:49:15,25,27,13228,17448
2023-07-18 12:49:18,26,27,13228,17448
2023-07-18 12:49:40,26,28,13228,17448
2023-07-18 12:49:56,26,30,13248,17468
2023-07-18 12:49:56,27,30,13248,17468
2023-07-18 12:50:06,27,29,13248,17468
2023-07-18 12:50:32,28,29,13248,17468
2023-07-18 12:50:42,27,29,13248,17468
2023-07-18 12:50:50,28,29,13248,17468
2023-07-18 12:51:08,28,30,13248,17468
2023-07-18 12:51:19,29,30,13248,17468
2023-07-18 12:51:20,28,30,13248,17468
2023-07-18 12:51:42,29,30,13248,17468
2023-07-18 12:51:49,28,30,13248,17468
2023-07-18 12:51:56,29,30,13248,17468
2023-07-18 12:51:59,28,30,13248,17468
2023-07-18 12:52:04,29,30,13248,17468
2023-07-18 12:52:08,28,30,13248,17468
2023-07-18 12:52:54,27,30,13247,17469
2023-07-18 12:52:55,27,29,13247,17469
2023-07-18 12:53:02,26,29,13246,17470
2023-07-18 12:53:02,26,28,13246,17470
2023-07-18 12:53:06,26,29,13246,17470
2023-07-18 12:53:16,26,28,13246,17470
2023-07-18 12:53:26,26,27,13246,17470
2023-07-18 12:53:30,25,27,13244,17472
2023-07-18 12:53:39,26,27,13244,17472
2023-07-18 12:53:41,25,27,13244,17472
2023-07-18 12:53:41,24,27,13244,17472
2023-07-18 12:53:41,25,27,13244,17472
2023-07-18 12:53:47,26,27,13244,17472
2023-07-18 12:53:55,25,27,13244,17472
2023-07-18 12:54:11,24,27,13244,17472
2023-07-18 12:54:16,24,26,13244,17472
2023-07-18 12:54:17,24,27,13244,17472
2023-07-18 12:54:21,25,27,13244,17472
2023-07-18 12:55:05,24,27,13244,17472
2023-07-18 12:55:05,25,27,13244,17472
2023-07-18 12:55:05,26,27,13244,17472
2023-07-18 12:55:25,26,28,13244,17472
2023-07-18 12:55:42,27,28,13244,17472
2023-07-18 12:55:43,26,28,13244,17472
2023-07-18 12:55:58,27,28,13244,17472
2023-07-18 12:56:12,26,28,13244,17472
2023-07-18 12:56:19,25,28,13244,17472
2023-07-18 12:56:25,25,27,13244,17472
2023-07-18 12:56:29,24,27,13244,17472
2023-07-18 12:56:36,23,27,13244,17472
2023-07-18 12:56:36,23,26,13244,17472
2023-07-18 12:56:47,23,25,13244,17472
2023-07-18 12:56:50,23,26,13244,17472
2023-07-18 12:56:50,23,25,13244,17472
2023-07-18 12:56:51,23,26,13244,17472
2023-07-18 12:56:51,24,26,13244,17472
2023-07-18 12:57:39,25,26,13244,17472
2023-07-18 12:57:44,24,26,13244,17476
2023-07-18 12:58:43,25,26,13244,17476
2023-07-18 12:58:45,24,26,13244,17476
2023-07-18 12:58:54,25,26,13244,17476
2023-07-18 12:59:11,26,27,13244,17477
2023-07-18 12:59:24,25,27,13244,17477
2023-07-18 12:59:37,24,27,13244,17477
2023-07-18 12:59:43,24,26,13244,17477
2023-07-18 12:59:52,24,27,13244,17477
2023-07-18 12:59:52,24,26,13244,17477
2023-07-18 12:59:59,25,26,13244,17477
2023-07-18 13:00:03,24,26,13244,17477
2023-07-18 13:00:04,25,26,13244,17477
2023-07-18 13:00:15,26,27,13244,17478
2023-07-18 13:00:29,27,28,13244,17479
2023-07-18 13:00:31,26,28,13244,17479
2023-07-18 13:00:33,27,28,13244,17479
2023-07-18 13:00:38,28,29,13244,17480
2023-07-18 13:00:56,29,30,13244,17481
2023-07-18 13:01:01,28,30,13244,17481
2023-07-18 13:01:01,27,30,13244,17481
2023-07-18 13:01:01,28,30,13244,17481
2023-07-18 13:01:02,27,30,13244,17481
2023-07-18 13:01:02,26,30,13244,17481
2023-07-18 13:01:02,27,30,13244,17481
2023-07-18 13:01:02,27,29,13244,17481
2023-07-18 13:01:30,27,28,13244,17481
2023-07-18 13:01:41,26,27,13244,17482
2023-07-18 13:01:59,27,28,13244,17483
2023-07-18 13:03:29,26,27,13244,17484
2023-07-18 13:03:35,26,28,13244,17484
2023-07-18 13:03:35,26,27,13244,17484
2023-07-18 13:03:54,26,28,13244,17484
2023-07-18 13:04:14,27,28,13244,17484
2023-07-18 13:04:25,28,29,13244,17485
2023-07-18 13:04:27,29,30,13244,17486
2023-07-18 13:04:29,29,30,13244,17487
2023-07-18 13:04:33,29,31,13244,17487
2023-07-18 13:04:35,28,31,13244,17487
2023-07-18 13:04:35,29,31,13244,17487
2023-07-18 13:04:35,30,31,13244,17487
2023-07-18 13:04:38,29,31,13244,17487
2023-07-18 13:04:38,30,31,13244,17487
2023-07-18 13:05:36,31,32,13244,17488
2023-07-18 13:05:44,30,32,13244,17488
2023-07-18 13:05:47,31,32,13244,17488
2023-07-18 13:06:20,32,33,13244,17489
2023-07-18 13:06:35,33,34,13244,17490
2023-07-18 13:06:42,33,35,13244,17490
2023-07-18 13:06:58,32,35,13244,17490
2023-07-18 13:06:58,33,35,13244,17490
2023-07-18 13:06:58,34,35,13244,17490
2023-07-18 13:07:01,33,35,13244,17490
2023-07-18 13:07:22,33,34,13244,17490
2023-07-18 13:07:46,31,33,13247,17493
2023-07-18 13:08:06,32,33,13247,17493
2023-07-18 13:08:11,33,34,13247,17494
2023-07-18 13:08:19,33,35,13247,17494
2023-07-18 13:08:51,34,35,13247,17494
2023-07-18 13:09:08,34,36,13262,17509
2023-07-18 13:09:14,34,35,13262,17509
2023-07-18 13:11:34,34,35,13262,17546
2023-07-18 13:12:37,34,36,13263,17886
2023-07-18 13:12:42,34,37,13263,17886
2023-07-18 13:12:46,35,37,13263,17886
2023-07-18 13:12:59,36,37,13263,17886
2023-07-18 13:13:02,36,38,13263,17886
2023-07-18 13:13:25,35,38,13263,17886
2023-07-18 13:13:27,34,38,13263,17886
2023-07-18 13:13:28,34,37,13263,17886
2023-07-18 13:14:01,35,37,13263,17886
2023-07-18 13:14:08,36,37,13263,17886
2023-07-18 13:14:16,36,38,13263,17886
2023-07-18 13:14:22,37,38,13263,17886
2023-07-18 13:14:27,36,38,13263,17886
2023-07-18 13:14:30,37,38,13263,17886
2023-07-18 13:14:38,37,39,13263,17886
2023-07-18 13:14:42,36,39,13263,17886
2023-07-18 13:15:01,37,39,13263,17886
2023-07-18 13:15:13,38,39,13263,17886
2023-07-18 13:15:38,39,40,13264,17887
2023-07-18 13:15:40,40,41,13264,17889
2023-07-18 13:16:00,39,41,13264,17889
2023-07-18 13:16:17,38,41,13264,17889
2023-07-18 13:16:21,39,41,13264,17889
2023-07-18 13:16:22,38,41,13264,17889
2023-07-18 13:16:22,38,40,13264,17889
2023-07-18 13:16:29,38,39,13264,17889
2023-07-18 13:16:31,37,38,13263,17890
2023-07-18 13:16:38,35,37,13263,17891
2023-07-18 13:16:44,35,38,13263,17891
2023-07-18 13:16:45,35,37,13263,17891
2023-07-18 13:16:51,35,36,13263,17891
2023-07-18 13:16:56,34,36,13262,17892
2023-07-18 13:17:03,34,37,13262,17892
2023-07-18 13:17:05,35,37,13262,17892
2023-07-18 13:17:18,36,37,13262,17892
2023-07-18 13:17:20,35,37,13262,17892
2023-07-18 13:17:27,36,37,13262,17892
2023-07-18 13:17:32,35,37,13262,17892
2023-07-18 13:17:33,36,37,13262,17892
2023-07-18 13:17:38,35,37,13262,17892
2023-07-18 13:17:38,34,37,13262,17892
2023-07-18 13:17:38,35,37,13262,17892
2023-07-18 13:17:41,34,37,13262,17892
2023-07-18 13:17:41,35,37,13262,17892
2023-07-18 13:17:41,36,37,13262,17892
2023-07-18 13:17:47,35,37,13262,17892
2023-07-18 13:18:37,37,38,13263,17893
2023-07-18 13:19:02,35,37,13302,17932
2023-07-18 13:19:10,34,37,13301,17933
2023-07-18 13:19:18,34,36,13301,17933
2023-07-18 13:20:29,34,35,13301,17933
2023-07-18 13:20:31,33,35,13300,17943
2023-07-18 13:20:34,33,34,13300,17943
2023-07-18 13:20:39,31,33,13306,17951
2023-07-18 13:20:52,31,32,13306,17951
2023-07-18 13:20:54,30,32,13302,17961
2023-07-18 13:21:01,30,31,13302,17961
2023-07-18 13:21:05,30,32,13302,17961
2023-07-18 13:21:05,29,30,13307,17967
2023-07-18 13:21:07,28,30,13307,17967
2023-07-18 13:21:08,29,30,13307,17967
2023-07-18 13:21:15,28,30,13307,17967
2023-07-18 13:21:21,29,30,13307,17967
2023-07-18 13:21:41,28,30,13307,17967
2023-07-18 13:21:41,27,30,13307,17967
2023-07-18 13:21:41,28,30,13307,17967
2023-07-18 13:21:49,27,30,13307,17967
2023-07-18 13:21:53,28,30,13307,17967
2023-07-18 13:22:00,29,30,13307,17967
2023-07-18 13:22:29,30,31,13307,17968
2023-07-18 13:22:34,29,31,13307,17968
2023-07-18 13:22:39,30,31,13307,17968
2023-07-18 13:22:54,30,32,13307,17968
2023-07-18 13:23:00,31,32,13307,17968
2023-07-18 13:23:08,31,33,13307,17968
2023-07-18 13:23:26,30,33,13307,17968
2023-07-18 13:23:35,29,33,13307,17968
2023-07-18 13:23:39,29,32,13307,17968
2023-07-18 13:23:43,29,33,13307,17968
2023-07-18 13:23:45,30,33,13307,17968
2023-07-18 13:24:38,30,32,13307,17968
2023-07-18 13:24:49,29,32,13307,17968
2023-07-18 13:24:49,28,32,13307,17968
2023-07-18 13:24:49,29,32,13307,17968
2023-07-18 13:24:58,28,32,13307,17968
2023-07-18 13:24:58,28,31,13307,17968
2023-07-18 13:25:00,28,32,13307,17968
2023-07-18 13:25:00,28,31,13307,17968
2023-07-18 13:25:01,29,31,13307,17968
2023-07-18 13:25:02,29,32,13307,17968
2023-07-18 13:25:05,30,32,13307,17968
2023-07-18 13:25:12,32,33,13308,17969
2023-07-18 13:25:13,30,33,13308,17998
2023-07-18 13:25:20,29,33,13308,17998
2023-07-18 13:25:23,30,33,13308,17998
2023-07-18 13:25:29,29,33,13308,17998
2023-07-18 13:25:29,28,32,13308,17998
2023-07-18 13:25:29,29,32,13308,17998
2023-07-18 13:25:46,30,32,13308,17998
2023-07-18 13:25:54,31,32,13308,17998
2023-07-18 13:25:59,32,33,13309,17999
2023-07-18 13:26:45,30,32,13328,18018
2023-07-18 13:29:25,31,32,13328,18018
2023-07-18 13:29:28,32,33,13328,18019
2023-07-18 13:29:33,31,33,13328,18019
2023-07-18 13:29:33,30,33,13328,18019
2023-07-18 13:29:33,31,33,13328,18019
2023-07-18 13:29:40,32,33,13328,18019
2023-07-18 13:29:53,31,33,13328,18019
2023-07-18 13:29:53,33,34,13328,18020
2023-07-18 13:30:03,32,34,13328,18020
2023-07-18 13:30:03,32,35,13328,18021
2023-07-18 13:30:11,31,35,13328,18021
2023-07-18 13:30:12,32,35,13328,18021
2023-07-18 13:30:54,32,34,13328,18021
2023-07-18 13:30:59,32,33,13328,18021
2023-07-18 13:31:01,31,33,13328,18021
2023-07-18 13:31:31,32,33,13328,18021
2023-07-18 13:31:49,32,34,13328,18021
2023-07-18 13:31:49,32,35,13328,18021
2023-07-18 13:32:40,33,35,13328,18021
2023-07-18 13:32:51,33,36,13328,18021
2023-07-18 13:33:01,32,36,13328,18021
2023-07-18 13:33:07,33,36,13328,18021
2023-07-18 13:33:21,32,36,13328,18021
2023-07-18 13:33:28,36,37,13329,18022
2023-07-18 13:33:29,32,37,13329,18045
2023-07-18 13:33:34,32,36,13329,18045
2023-07-18 13:33:58,33,36,13329,18045
2023-07-18 13:34:08,34,36,13329,18045
2023-07-18 13:34:29,36,37,13329,18046
2023-07-18 13:34:32,36,38,13329,18046
2023-07-18 13:34:43,35,38,13329,18046
2023-07-18 13:35:02,34,38,13329,18046
2023-07-18 13:35:08,34,37,13329,18046
2023-07-18 13:35:32,34,36,13329,18046
2023-07-18 13:35:48,34,35,13329,18046
2023-07-18 13:35:48,33,35,13329,18046
2023-07-18 13:35:55,33,36,13329,18046
2023-07-18 13:35:59,33,35,13329,18046
2023-07-18 13:36:02,33,36,13329,18046
2023-07-18 13:36:14,34,36,13329,18046
2023-07-18 13:36:23,34,37,13329,18046
2023-07-18 13:36:41,34,36,13329,18046
2023-07-18 13:36:54,33,36,13329,18046
2023-07-18 13:36:59,33,35,13329,18046
2023-07-18 13:37:09,33,36,13329,18046
2023-07-18 13:37:10,32,36,13329,18046
2023-07-18 13:37:11,32,35,13329,18046
2023-07-18 13:37:19,33,35,13329,18046
2023-07-18 13:37:27,33,36,13329,18046
2023-07-18 13:38:00,34,36,13329,18046
2023-07-18 13:38:08,33,36,13329,18046
2023-07-18 13:39:32,34,36,13329,18046
2023-07-18 13:39:48,34,37,13329,18046
2023-07-18 13:39:56,35,37,13329,18046
2023-07-18 13:40:03,36,37,13329,18046
2023-07-18 13:40:04,36,38,13329,18046
2023-07-18 13:40:16,35,38,13329,18046
2023-07-18 13:40:25,36,38,13329,18046
2023-07-18 13:40:38,36,39,13329,18046
2023-07-18 13:40:48,37,39,13329,18046
2023-07-18 13:40:53,37,40,13329,18046
2023-07-18 13:41:01,38,40,13329,18046
2023-07-18 13:41:12,38,41,13329,18046
2023-07-18 13:41:12,39,41,13329,18046
2023-07-18 13:41:16,40,41,13329,18046
2023-07-18 13:41:21,38,41,13329,18046
2023-07-18 13:41:28,39,41,13329,18046
2023-07-18 13:41:31,39,42,13329,18046
2023-07-18 13:41:46,38,42,13329,18046
2023-07-18 13:41:52,38,41,13329,18046
2023-07-18 13:41:57,38,42,13329,18046
2023-07-18 13:42:08,38,41,13329,18046
2023-07-18 13:42:09,37,41,13329,18046
2023-07-18 13:42:16,37,42,13329,18046
2023-07-18 13:42:25,38,42,13329,18046
2023-07-18 13:42:37,37,42,13329,18046
2023-07-18 13:42:38,37,41,13329,18046
2023-07-18 13:42:59,38,41,13329,18046
2023-07-18 13:43:09,37,41,13329,18046
2023-07-18 13:44:16,36,41,13329,18046
2023-07-18 13:44:16,36,40,13329,18046
2023-07-18 13:44:18,35,40,13329,18046
2023-07-18 13:44:18,35,39,13329,18046
2023-07-18 13:44:36,34,39,13329,18046
2023-07-18 13:44:38,34,38,13329,18046
2023-07-18 13:44:44,35,38,13329,18046
2023-07-18 13:45:01,34,38,13329,18046
2023-07-18 13:45:05,35,38,13329,18046
2023-07-18 13:45:17,34,38,13329,18046
2023-07-18 13:45:21,35,38,13329,18046
2023-07-18 13:45:30,36,38,13329,18046
2023-07-18 13:45:36,37,38,13329,18046
2023-07-18 13:45:38,36,38,13329,18046
2023-07-18 13:45:46,36,39,13329,18046
2023-07-18 13:45:49,35,39,13329,18046
2023-07-18 13:46:12,34,39,13329,18046
2023-07-18 13:46:12,34,38,13329,18046
2023-07-18 13:46:23,34,37,13329,18046
2023-07-18 13:46:29,34,36,13329,18046
2023-07-18 13:46:44,34,37,13329,18046
2023-07-18 13:46:46,34,36,13329,18046
2023-07-18 13:47:03,34,37,13329,18046
2023-07-18 13:47:57,35,37,13329,18046
2023-07-18 13:47:59,35,38,13329,18046
2023-07-18 13:48:02,34,38,13579,18296
2023-07-18 13:48:03,34,37,13579,18296
2023-07-18 13:48:09,34,38,13579,18296
2023-07-18 13:48:17,35,38,13579,18296
2023-07-18 13:48:24,34,38,13579,18296
2023-07-18 13:48:31,35,38,13579,18296
2023-07-18 13:48:46,36,38,13579,18296
2023-07-18 13:49:33,36,39,13579,18296
2023-07-18 13:49:37,38,39,13579,18296
2023-07-18 13:49:50,37,39,13579,18296
2023-07-18 13:49:50,40,41,13579,18298
2023-07-18 13:49:53,40,42,13579,18298
2023-07-18 13:50:12,38,42,13579,18298
2023-07-18 13:50:12,38,40,13579,18298
2023-07-18 13:50:14,38,40,13579,18300
2023-07-18 13:50:28,38,41,13579,18300
2023-07-18 13:50:28,38,39,13579,18300
2023-07-18 13:50:30,38,41,13579,18300
2023-07-18 13:50:30,38,40,13579,18300
2023-07-18 13:50:41,38,39,13579,18300
2023-07-18 13:50:49,38,40,13579,18300
2023-07-18 13:50:49,37,38,13578,18301
2023-07-18 13:50:52,35,38,13578,18301
2023-07-18 13:51:11,37,38,13578,18301
2023-07-18 13:51:13,39,40,13578,18303
2023-07-18 13:51:39,39,41,13578,18303
2023-07-18 13:53:48,38,41,13578,18303
2023-07-18 13:53:49,38,40,13578,18303
2023-07-18 13:53:58,38,39,13578,18303
2023-07-18 13:54:02,38,40,13578,18303
2023-07-18 13:54:14,39,40,13578,18303
2023-07-18 13:54:31,39,41,13578,18303
2023-07-18 13:55:08,38,41,13578,18303
2023-07-18 13:55:08,41,42,13578,18304
2023-07-18 13:55:10,39,42,13578,18304
2023-07-18 13:55:10,39,41,13578,18304
2023-07-18 13:55:10,39,42,13578,18304
2023-07-18 13:55:34,39,41,13578,18304
2023-07-18 13:55:49,39,42,13578,18304
2023-07-18 13:55:50,39,41,13578,18304
2023-07-18 13:55:56,39,40,13578,18304
2023-07-18 13:56:05,39,41,13578,18304
2023-07-18 13:56:48,39,40,13578,18304
2023-07-18 13:56:49,39,41,13578,18304
2023-07-18 13:56:49,38,39,13577,18305
2023-07-18 13:56:49,38,41,13577,18305
2023-07-18 13:56:49,38,40,13577,18305
2023-07-18 13:56:51,38,41,13577,18305
2023-07-18 13:56:53,39,41,13577,18305
2023-07-18 13:57:13,37,41,13577,18305
2023-07-18 13:57:18,39,41,13577,18305
2023-07-18 13:58:15,39,41,13400,18505
2023-07-18 13:58:18,39,42,13400,18507
2023-07-18 13:58:23,40,42,13400,18507
2023-07-18 13:58:43,39,42,13400,18507
2023-07-18 13:58:46,40,42,13400,18507
2023-07-18 13:58:52,41,42,13400,18507
2023-07-18 13:58:52,41,43,13400,18507
2023-07-18 13:59:07,39,43,13400,18507
2023-07-18 13:59:07,40,43,13400,18507
2023-07-18 13:59:10,41,43,13400,18507
2023-07-18 13:59:13,40,43,13400,18507
2023-07-18 13:59:34,39,43,13400,18507
2023-07-18 13:59:34,40,43,13400,18507
2023-07-18 13:59:46,39,43,13400,18507
2023-07-18 13:59:46,40,43,13400,18507
2023-07-18 13:59:47,39,43,13400,18507
2023-07-18 13:59:47,40,43,13400,18507
2023-07-18 13:59:58,39,43,13400,18507
2023-07-18 13:59:58,40,43,13400,18507
2023-07-18 13:59:59,40,44,13400,18507
2023-07-18 14:00:01,39,44,13400,18507
2023-07-18 14:00:01,39,42,13400,18507
2023-07-18 14:00:03,39,44,13400,18753
2023-07-18 14:00:04,40,44,13400,18753
2023-07-18 14:00:05,39,44,13400,18753
2023-07-18 14:00:11,40,44,13400,18753
2023-07-18 14:00:20,40,43,13400,18753
2023-07-18 14:00:21,40,44,13400,18753
2023-07-18 14:00:51,41,44,13400,18753
2023-07-18 14:01:14,42,44,13400,18753
2023-07-18 14:01:27,43,44,13400,18753
2023-07-18 14:01:38,44,45,13400,18754
2023-07-18 14:01:41,44,46,13403,18757
2023-07-18 14:01:41,45,46,13403,18757
2023-07-18 14:01:48,46,47,13403,18758
2023-07-18 14:02:07,46,49,13403,18758
2023-07-18 14:02:12,47,49,13403,18758
2023-07-18 14:02:14,48,49,13403,18758
2023-07-18 14:02:17,46,49,13403,18758
2023-07-18 14:02:46,47,49,13403,18758
2023-07-18 14:03:00,48,49,13403,18758
2023-07-18 14:03:03,49,50,13403,18759
2023-07-18 14:03:07,47,50,13403,18759
2023-07-18 14:03:09,48,50,13403,18759
2023-07-18 14:03:09,48,51,13407,18773
2023-07-18 14:03:16,47,51,13407,18773
2023-07-18 14:03:17,48,51,13407,18773
2023-07-18 14:03:21,48,50,13407,18773
2023-07-18 14:03:25,48,51,13407,18773
2023-07-18 14:03:26,48,50,13407,18773
2023-07-18 14:03:36,48,51,13407,18773
2023-07-18 14:03:38,48,50,13407,18773
2023-07-18 14:03:38,46,50,13406,18775
2023-07-18 14:03:41,46,51,13406,18775
2023-07-18 14:03:42,46,50,13406,18775
2023-07-18 14:04:06,46,49,13406,18775
2023-07-18 14:04:09,45,49,13406,18775
2023-07-18 14:04:10,45,50,13406,18775
2023-07-18 14:04:12,46,50,13406,18775
2023-07-18 14:04:19,47,50,13406,18775
2023-07-18 14:04:52,47,51,13408,18777
2023-07-18 14:04:58,48,51,13408,18777
2023-07-18 14:05:06,49,51,13408,18777
2023-07-18 14:05:07,48,51,13408,18777
2023-07-18 14:05:07,48,52,13409,18778
2023-07-18 14:05:18,49,52,13409,18778
2023-07-18 14:05:29,49,53,13410,18779
2023-07-18 14:05:31,49,53,13738,19129
2023-07-18 14:05:31,50,53,13738,19129
2023-07-18 14:05:32,53,54,13738,19230
2023-07-18 14:05:32,50,53,13760,19329
2023-07-18 14:05:32,50,54,13760,19329
2023-07-18 14:05:32,50,53,13760,19329
2023-07-18 14:05:46,50,54,14011,19580
2023-07-18 14:06:02,51,54,14011,19580
2023-07-18 14:06:13,51,54,14011,19585
2023-07-18 14:06:28,52,54,14011,19585
2023-07-18 14:06:35,52,55,14012,19586
2023-07-18 14:06:38,53,55,14012,19586
2023-07-18 14:06:38,53,55,14012,19591
2023-07-18 14:06:43,53,56,14012,19591
2023-07-18 14:06:51,54,56,14012,19591
2023-07-18 14:06:59,55,56,14012,19591
2023-07-18 14:07:04,55,57,14013,19592
2023-07-18 14:07:10,54,57,14013,19592
2023-07-18 14:07:41,55,57,14013,19592
2023-07-18 14:07:54,55,58,14013,19592
2023-07-18 14:07:57,56,58,14013,19592
2023-07-18 14:07:59,56,58,14013,19596
2023-07-18 14:08:01,56,60,14006,19605
2023-07-18 14:08:02,56,59,14006,19605
2023-07-18 14:08:04,54,59,14006,19605
2023-07-18 14:08:04,55,59,14006,19605
2023-07-18 14:08:15,55,60,14006,19605
2023-07-18 14:08:15,56,60,14006,19605
2023-07-18 14:08:16,56,59,14006,19605
2023-07-18 14:08:50,56,59,14006,19805
2023-07-18 14:08:55,56,59,13656,20155
2023-07-18 14:08:56,54,59,13619,20192
2023-07-18 14:08:57,55,59,13619,20192
2023-07-18 14:08:59,55,59,13719,20292
2023-07-18 14:09:04,55,60,13719,20292
2023-07-18 14:09:08,56,60,13719,20292
2023-07-18 14:09:25,56,59,13719,20292
2023-07-18 14:09:35,56,58,13719,20292
2023-07-18 14:09:35,54,58,13717,20294
2023-07-18 14:09:41,55,58,13717,20294
2023-07-18 14:09:42,55,59,13717,20294
2023-07-18 14:09:46,56,59,13717,20294
2023-07-18 14:09:50,55,59,13717,20294
2023-07-18 14:09:51,56,59,13717,20294
2023-07-18 14:10:03,57,59,13717,20294
2023-07-18 14:10:04,57,59,13721,20298
2023-07-18 14:10:06,56,59,13721,20298
2023-07-18 14:10:26,56,60,13722,20308
2023-07-18 14:10:42,57,60,13722,20308
2023-07-18 14:11:08,56,57,13721,20309
2023-07-18 14:11:10,56,60,13721,20338
2023-07-18 14:11:16,57,60,13721,20338
2023-07-18 14:11:31,56,60,13721,20338
2023-07-18 14:11:36,57,60,13721,20338
2023-07-18 14:11:41,56,60,13721,20338
2023-07-18 14:11:49,57,60,13721,20338
2023-07-18 14:11:58,58,60,13721,20338
2023-07-18 14:12:05,57,60,13721,20338
2023-07-18 14:12:08,58,60,13721,20338
2023-07-18 14:12:12,57,60,13721,20338
2023-07-18 14:13:14,58,60,13721,20338
2023-07-18 14:13:23,57,60,13721,20338
2023-07-18 14:13:28,58,60,13721,20338
2023-07-18 14:13:49,58,61,13722,20367
2023-07-18 14:13:51,57,61,13722,20367
2023-07-18 14:14:07,58,61,13722,20367
2023-07-18 14:14:31,59,61,13722,20367
2023-07-18 14:14:37,59,62,13722,20367
2023-07-18 14:14:44,60,62,13722,20367
2023-07-18 14:14:50,60,62,13727,20372
2023-07-18 14:15:03,61,62,13727,20372
2023-07-18 14:15:07,60,62,13727,20372
2023-07-18 14:15:12,60,63,13727,20372
2023-07-18 14:15:32,59,63,13727,20372
2023-07-18 14:15:35,59,62,13727,20372
2023-07-18 14:15:36,58,62,13727,20622
2023-07-18 14:15:37,58,61,13727,20622
2023-07-18 14:15:49,58,62,13727,20622
2023-07-18 14:15:49,58,61,13727,20622
2023-07-18 14:15:49,58,60,13727,20622
2023-07-18 14:15:57,58,61,13727,20622
2023-07-18 14:16:03,59,61,13727,20622
2023-07-18 14:16:04,60,61,13727,20622
2023-07-18 14:16:05,60,61,13730,20625
2023-07-18 14:16:11,59,61,13730,20625
2023-07-18 14:16:11,58,61,13730,20625
2023-07-18 14:17:02,58,60,13730,20625
2023-07-18 14:17:09,59,60,13730,20625
2023-07-18 14:17:47,58,60,13730,20625
2023-07-18 14:18:02,59,60,13730,20625
2023-07-18 14:18:05,60,61,13731,20626
2023-07-18 14:18:13,59,61,13731,20626
2023-07-18 14:19:48,59,62,13731,20626
2023-07-18 14:20:26,59,63,13732,20827
2023-07-18 14:20:34,60,63,13732,20827
2023-07-18 14:20:35,61,63,13732,20827
2023-07-18 14:20:37,62,63,13732,20827
2023-07-18 14:20:50,63,64,13733,20828
2023-07-18 14:20:51,63,65,13909,21029
2023-07-18 14:20:52,63,65,13735,21229
2023-07-18 14:20:58,64,65,13735,21229
2023-07-18 14:20:59,65,66,13735,21230
2023-07-18 14:21:00,66,67,13736,21231
2023-07-18 14:21:11,66,67,13759,21254
2023-07-18 14:21:12,65,66,13759,21430
2023-07-18 14:21:12,65,67,13759,21430
2023-07-18 14:21:13,65,66,13759,21430
2023-07-18 14:21:18,65,66,13764,21435
2023-07-18 14:22:27,67,68,13766,21437
2023-07-18 14:22:28,67,68,13768,21439
2023-07-18 14:22:28,67,69,13768,21439
2023-07-18 14:22:29,67,69,13768,21639
2023-07-18 14:22:29,67,69,13768,21839
2023-07-18 14:22:29,68,69,13768,21839
2023-07-18 14:22:30,69,70,13769,21860
2023-07-18 14:22:30,69,71,13770,21861
2023-07-18 14:22:30,70,71,13770,21861
2023-07-18 14:22:33,71,72,13771,21862
2023-07-18 14:22:37,70,72,13771,21862
2023-07-18 14:22:37,68,72,13771,21862
2023-07-18 14:22:37,69,72,13771,21862
2023-07-18 14:22:38,70,72,13771,21862
2023-07-18 14:22:42,69,72,13771,21862
2023-07-18 14:22:44,68,72,13771,21862
2023-07-18 14:22:45,68,70,13771,21862
2023-07-18 14:22:52,69,70,13771,21862
2023-07-18 14:22:57,68,70,13771,21862
2023-07-18 14:23:10,69,70,13771,21862
2023-07-18 14:23:10,69,70,13771,21945
2023-07-18 14:23:10,69,70,13771,21946
2023-07-18 14:23:11,67,68,13769,22064
2023-07-18 14:23:11,69,70,13769,22146
2023-07-18 14:23:12,67,68,13787,22164
2023-07-18 14:23:13,67,70,13808,22185
2023-07-18 14:23:14,67,69,13808,22185
2023-07-18 14:23:15,68,69,13808,22185
2023-07-18 14:23:15,68,70,13808,22185
2023-07-18 14:23:15,68,69,13808,22185
2023-07-18 14:23:17,68,69,13845,22222
2023-07-18 14:23:18,68,69,13853,22230
2023-07-18 14:23:18,67,69,13853,22230
2023-07-18 14:23:19,68,69,13853,22230
2023-07-18 14:23:24,67,68,13853,22232
2023-07-18 14:23:35,66,68,13853,22232
2023-07-18 14:23:35,66,67,13853,22232
2023-07-18 14:23:39,63,67,13853,22236
2023-07-18 14:23:47,64,67,13853,22236
2023-07-18 14:23:48,65,67,13853,22236
2023-07-18 14:24:07,65,68,13853,22236
2023-07-18 14:24:19,66,68,13853,22236
2023-07-18 14:24:21,67,68,13853,22236
2023-07-18 14:24:21,67,69,13853,22236
2023-07-18 14:24:43,68,69,13853,22236
2023-07-18 14:25:25,68,70,13853,22236
2023-07-18 14:25:38,67,70,13853,22236
2023-07-18 14:25:38,67,69,13853,22236
2023-07-18 14:25:45,66,69,13853,22236
2023-07-18 14:25:45,64,69,13853,22236
2023-07-18 14:25:46,65,69,13853,22236
2023-07-18 14:25:47,66,69,13853,22236
2023-07-18 14:25:48,67,69,13853,22236
2023-07-18 14:25:51,67,70,13853,22236
2023-07-18 14:26:08,68,70,13853,22236
2023-07-18 14:26:11,67,70,13853,22236
2023-07-18 14:26:12,67,71,13853,22236
2023-07-18 14:26:24,68,71,13853,22236
2023-07-18 14:26:42,67,71,13853,22236
2023-07-18 14:27:08,68,71,13853,22236
2023-07-18 14:27:14,67,71,13853,22236
2023-07-18 14:27:22,68,71,13853,22236
2023-07-18 14:27:32,69,71,13853,22236
2023-07-18 14:27:43,70,71,13853,22236
2023-07-18 14:27:48,70,72,13853,22236
2023-07-18 14:27:49,70,72,13861,22244
2023-07-18 14:29:03,70,73,13861,22244
2023-07-18 14:29:22,71,73,13861,22244
2023-07-18 14:29:24,72,73,13861,22244
2023-07-18 14:29:25,73,74,13862,22245
2023-07-18 14:29:26,73,74,13887,22270
2023-07-18 14:30:01,74,75,13888,22271
2023-07-18 14:30:04,73,75,13888,22271
2023-07-18 14:30:21,74,75,13888,22271
2023-07-18 14:30:22,75,76,13889,22282
2023-07-18 14:30:23,75,76,13900,22293
2023-07-18 14:30:36,74,76,13900,22293
2023-07-18 14:30:46,74,76,13950,22343
2023-07-18 14:30:47,75,76,13950,22343
2023-07-18 14:30:49,76,77,13951,22344
2023-07-18 14:30:52,75,77,13951,22344
2023-07-18 14:30:53,74,77,13951,22344
2023-07-18 14:30:53,75,77,13951,22344
2023-07-18 14:30:53,75,76,13951,22344
2023-07-18 14:31:12,76,77,13952,22345
2023-07-18 14:31:16,76,77,13952,22369
2023-07-18 14:31:20,77,78,13953,22370
2023-07-18 14:31:20,77,78,14060,22477
2023-07-18 14:31:20,76,77,14152,22569
2023-07-18 14:31:20,76,78,14152,22569
2023-07-18 14:31:26,76,78,14165,22582
2023-07-18 14:31:29,75,78,14165,22582
2023-07-18 14:31:42,75,77,14165,22582
2023-07-18 14:31:57,75,77,14165,22682
2023-07-18 14:32:57,76,77,14165,22682
2023-07-18 14:33:33,75,77,14165,22682
2023-07-18 14:33:33,75,76,14165,22682
2023-07-18 14:34:18,75,76,14204,22722
2023-07-18 14:34:23,74,76,14204,22722
2023-07-18 14:34:23,74,75,14204,22722
2023-07-18 14:34:24,74,75,14203,22723
2023-07-18 14:34:25,73,74,14201,22725
2023-07-18 14:34:33,72,73,14200,22726
2023-07-18 14:34:34,72,74,14200,22726
2023-07-18 14:34:38,72,73,14200,22726
2023-07-18 14:34:42,70,71,14195,22731
2023-07-18 14:34:42,69,71,14195,22731
2023-07-18 14:34:42,68,71,14195,22731
2023-07-18 14:34:51,66,71,14195,22731
2023-07-18 14:34:51,67,71,14195,22731
2023-07-18 14:34:51,68,71,14195,22731
2023-07-18 14:34:53,68,70,14195,22731
2023-07-18 14:35:01,68,69,14195,22731
2023-07-18 14:35:02,66,68,14194,22732
2023-07-18 14:35:02,66,68,14194,22776
2023-07-18 14:35:02,65,68,14194,22776
2023-07-18 14:35:02,66,68,14194,22776
2023-07-18 14:35:03,64,68,14194,22776
2023-07-18 14:35:03,64,69,14194,23020
2023-07-18 14:35:04,65,71,14239,23065
2023-07-18 14:35:04,65,69,14239,23065
2023-07-18 14:35:07,65,68,14239,23065
2023-07-18 14:35:07,64,68,14239,23065
2023-07-18 14:35:07,64,67,14239,23065
2023-07-18 14:35:07,63,67,14239,23065
2023-07-18 14:35:07,64,67,14239,23065
2023-07-18 14:35:08,63,67,14239,23065
2023-07-18 14:35:08,62,67,14239,23065
2023-07-18 14:35:08,63,67,14239,23065
2023-07-18 14:35:10,64,67,14239,23065
2023-07-18 14:35:29,63,67,14239,23065
2023-07-18 14:35:29,62,67,14239,23065
2023-07-18 14:35:29,63,67,14239,23065
2023-07-18 14:35:31,63,66,14239,23065
2023-07-18 14:35:31,62,66,14239,23065
2023-07-18 14:35:31,61,66,14239,23065
2023-07-18 14:35:31,62,66,14239,23065
2023-07-18 14:35:43,62,64,14239,23065
2023-07-18 14:35:49,62,64,14225,23079
2023-07-18 14:35:56,61,64,14225,23079
2023-07-18 14:36:02,62,64,14225,23079
2023-07-18 14:36:05,63,64,14225,23079
2023-07-18 14:36:08,63,65,14226,23186
2023-07-18 14:36:12,63,66,14226,23186
2023-07-18 14:36:15,63,67,14226,23188
2023-07-18 14:36:21,62,67,14226,23188
2023-07-18 14:36:21,62,66,14226,23195
2023-07-18 14:36:43,62,66,14226,23197
2023-07-18 14:36:59,63,66,14226,23197
2023-07-18 14:37:02,64,66,14226,23197
2023-07-18 14:37:06,64,67,14226,23197
2023-07-18 14:37:10,65,67,14226,23197
2023-07-18 14:37:18,66,67,14226,23197
2023-07-18 14:37:20,66,68,14226,23197
2023-07-18 14:37:27,65,68,14226,23197
2023-07-18 14:37:27,67,68,14226,23197
2023-07-18 14:37:32,66,68,14226,23197
2023-07-18 14:37:32,68,69,14226,23198
2023-07-18 14:37:32,66,69,14226,23198
2023-07-18 14:37:32,67,69,14226,23198
2023-07-18 14:37:33,68,69,14226,23198
2023-07-18 14:37:38,67,69,14226,23198
2023-07-18 14:37:38,66,69,14226,23198
2023-07-18 14:37:38,67,69,14226,23198
2023-07-18 14:37:38,67,70,14226,23198
2023-07-18 14:37:40,66,70,14226,23198
2023-07-18 14:37:42,66,69,14226,23198
2023-07-18 14:37:47,66,70,14226,23198
2023-07-18 14:37:47,66,69,14226,23198
2023-07-18 14:37:59,66,68,14226,23198
2023-07-18 14:38:23,66,67,14226,23198
2023-07-18 14:38:28,66,68,14226,23198
2023-07-18 14:38:28,65,66,14226,23199
2023-07-18 14:38:55,64,65,14226,23200
2023-07-18 14:39:08,64,66,14226,23200
2023-07-18 14:39:08,64,65,14226,23200
2023-07-18 14:39:11,63,65,14226,23200
2023-07-18 14:39:13,62,65,14226,23200
2023-07-18 14:39:13,61,65,14226,23200
2023-07-18 14:39:13,62,65,14226,23200
2023-07-18 14:39:14,63,65,14226,23200
2023-07-18 14:39:25,64,65,14226,23200
2023-07-18 14:39:35,63,65,14226,23200
2023-07-18 14:39:35,62,65,14226,23200
2023-07-18 14:39:35,63,65,14226,23200
2023-07-18 14:39:47,64,65,14226,23200
2023-07-18 14:39:48,63,65,14226,23200
2023-07-18 14:39:48,62,65,14226,23200
2023-07-18 14:39:48,63,65,14226,23200
2023-07-18 14:40:20,64,65,14226,23200
2023-07-18 14:40:21,63,65,14226,23200
2023-07-18 14:40:21,62,65,14226,23200
2023-07-18 14:40:21,63,65,14226,23200
2023-07-18 14:40:23,62,65,14226,23200
2023-07-18 14:40:23,61,65,14226,23200
2023-07-18 14:40:23,62,65,14226,23200
2023-07-18 14:40:25,62,63,14226,23200
2023-07-18 14:40:25,61,63,14226,23200
2023-07-18 14:40:25,59,63,14226,23200
2023-07-18 14:40:25,60,63,14226,23200
2023-07-18 14:40:44,59,63,14226,23200
2023-07-18 14:40:44,58,63,14226,23200
2023-07-18 14:40:44,59,63,14226,23200
2023-07-18 14:40:44,59,62,14226,23200
2023-07-18 14:40:46,59,61,14226,23200
2023-07-18 14:40:52,59,62,14226,23200
2023-07-18 14:40:52,58,62,14226,23200
2023-07-18 14:40:52,59,62,14226,23200
2023-07-18 14:40:52,60,62,14226,23200
2023-07-18 14:40:55,62,63,14226,23201
2023-07-18 14:40:56,60,63,14226,23201
2023-07-18 14:40:56,61,63,14226,23201
2023-07-18 14:41:02,61,64,14226,23201
2023-07-18 14:41:11,61,63,14226,23201
2023-07-18 14:41:11,60,63,14226,23201
2023-07-18 14:41:29,60,61,14226,23201
2023-07-18 14:41:31,60,61,14223,23204
2023-07-18 14:41:37,57,61,14223,23204
2023-07-18 14:42:01,58,61,14223,23204
2023-07-18 14:42:21,59,61,14223,23204
2023-07-18 14:42:24,60,61,14223,23204
2023-07-18 14:42:26,60,63,14223,23207
2023-07-18 14:42:27,60,64,14223,23207
2023-07-18 14:42:27,61,64,14223,23207
2023-07-18 14:42:33,61,65,14223,23216
2023-07-18 14:42:34,61,66,14223,23216
2023-07-18 14:42:35,62,66,14223,23216
2023-07-18 14:42:40,61,66,14223,23216
2023-07-18 14:42:40,62,66,14223,23216
2023-07-18 14:42:51,62,65,14223,23216
2023-07-18 14:42:55,62,64,14223,23216
2023-07-18 14:43:00,61,64,14223,23216
2023-07-18 14:43:21,62,64,14223,23216
2023-07-18 14:43:26,63,64,14223,23216
2023-07-18 14:43:26,64,65,14223,23217
2023-07-18 14:43:27,63,65,14223,23217
2023-07-18 14:43:27,65,66,14223,23218
2023-07-18 14:43:34,64,66,14223,23218
2023-07-18 14:43:34,66,67,14223,23219
2023-07-18 14:43:34,64,67,14223,23219
2023-07-18 14:43:34,65,67,14223,23219
2023-07-18 14:43:38,66,67,14223,23219
2023-07-18 14:43:44,65,67,14223,23219
2023-07-18 14:43:44,67,68,14223,23220
2023-07-18 14:43:48,67,69,14223,23220
2023-07-18 14:43:48,65,69,14223,23220
2023-07-18 14:43:48,66,69,14223,23220
2023-07-18 14:43:53,67,69,14223,23220
2023-07-18 14:44:06,66,69,14223,23220
2023-07-18 14:44:08,67,69,14223,23220
2023-07-18 14:44:20,66,69,14223,23220
2023-07-18 14:44:20,65,69,14223,23220
2023-07-18 14:44:20,66,69,14223,23220
2023-07-18 14:44:27,65,69,14223,23220
2023-07-18 14:44:27,67,69,14223,23220
2023-07-18 14:44:31,66,69,14223,23220
2023-07-18 14:44:31,65,69,14223,23220
2023-07-18 14:44:31,66,69,14223,23220
2023-07-18 14:44:33,65,69,14223,23220
2023-07-18 14:44:33,66,69,14223,23220
2023-07-18 14:44:33,67,69,14223,23220
2023-07-18 14:44:38,67,70,14223,23220
2023-07-18 14:44:38,67,69,14223,23220
2023-07-18 14:44:40,68,69,14223,23220
2023-07-18 14:44:40,68,70,14223,23220
2023-07-18 14:44:48,69,70,14223,23220
2023-07-18 14:44:49,68,70,14223,23220
2023-07-18 14:44:49,70,71,14223,23221
2023-07-18 14:44:49,68,71,14223,23221
2023-07-18 14:44:49,69,71,14223,23221
2023-07-18 14:44:51,70,71,14223,23221
2023-07-18 14:45:00,69,71,14223,23221
2023-07-18 14:45:00,68,71,14223,23221
2023-07-18 14:45:00,69,71,14223,23221
2023-07-18 14:45:14,70,71,14223,23221
2023-07-18 14:45:19,70,72,14223,23221
2023-07-18 14:45:33,69,72,14223,23221
2023-07-18 14:45:33,68,72,14223,23221
2023-07-18 14:45:33,69,72,14223,23221
2023-07-18 14:45:40,70,72,14223,23221
2023-07-18 14:45:59,71,72,14223,23221
2023-07-18 14:46:10,71,73,14223,23221
2023-07-18 14:46:25,72,73,14223,23221
2023-07-18 14:46:41,71,73,14223,23221
2023-07-18 14:46:41,73,74,14223,23222
2023-07-18 14:46:54,72,74,14223,23222
2023-07-18 14:46:54,72,74,14223,23273
2023-07-18 14:46:56,70,74,14223,23273
2023-07-18 14:47:10,72,74,14223,23273
2023-07-18 14:47:33,74,75,14293,23343
2023-07-18 14:47:36,74,76,14293,23343
2023-07-18 14:47:50,75,76,14293,23343
2023-07-18 14:47:52,75,76,14297,23347
2023-07-18 14:47:59,75,77,14298,23547
2023-07-18 14:48:08,76,77,14298,23547
2023-07-18 14:48:23,76,78,14299,23549
2023-07-18 14:48:37,75,78,14299,23549
2023-07-18 14:48:38,75,79,14299,23549
2023-07-18 14:48:51,76,79,14299,23549
2023-07-18 14:49:01,75,79,14299,23549
2023-07-18 14:49:13,76,79,14299,23549
2023-07-18 14:49:14,75,79,14299,23549
2023-07-18 14:49:35,76,79,14299,23549
2023-07-18 14:50:20,75,79,14299,23549
2023-07-18 14:50:23,75,78,14299,23549
2023-07-18 14:50:26,75,79,14299,23549
2023-07-18 14:50:38,75,79,14299,23549
2023-07-18 14:50:39,75,78,14299,23549
2023-07-18 14:51:14,75,77,14299,23549
2023-07-18 14:51:17,75,78,14299,23549
2023-07-18 14:51:17,75,77,14299,23549
2023-07-18 14:51:19,75,78,14299,23549
2023-07-18 14:51:26,75,77,14299,23549
2023-07-18 14:51:47,72,77,14299,23549
2023-07-18 14:51:50,72,76,14299,23549
2023-07-18 14:52:09,72,75,14299,23549
2023-07-18 14:52:23,72,76,14299,23549
2023-07-18 14:52:24,72,75,14299,23549
2023-07-18 14:52:36,72,74,14299,23549
2023-07-18 14:52:41,72,75,14299,23549
2023-07-18 14:52:41,72,74,14299,23549
2023-07-18 14:53:00,72,75,14300,23550
2023-07-18 14:54:38,71,75,14300,23550
2023-07-18 14:54:38,68,75,14300,23550
2023-07-18 14:54:46,69,75,14300,23550
2023-07-18 14:54:55,69,74,14300,23550
2023-07-18 14:54:56,69,75,14300,23750
2023-07-18 14:55:27,69,76,14300,23750
2023-07-18 14:55:27,69,77,14300,23750
2023-07-18 14:55:32,71,77,14300,23750
2023-07-18 14:55:45,69,77,14300,23750
2023-07-18 14:55:53,69,76,14300,23750
2023-07-18 14:56:53,70,76,14300,23750
2023-07-18 14:56:57,71,76,14300,23750
2023-07-18 14:57:05,69,76,14300,23750
2023-07-18 14:57:15,71,76,14300,23750
2023-07-18 14:57:20,70,76,14300,23750
2023-07-18 14:57:39,71,76,14300,23750
2023-07-18 14:57:44,70,76,14300,23750
2023-07-18 14:57:46,70,75,14300,23750
2023-07-18 14:57:47,70,76,14300,23750
2023-07-18 14:57:48,70,75,14300,23750
2023-07-18 14:57:51,70,76,14300,23750
2023-07-18 14:57:53,70,75,14300,23750
2023-07-18 14:58:37,71,75,14300,23750
2023-07-18 14:58:55,71,75,14300,23755
2023-07-18 14:58:56,71,74,14300,23755
2023-07-18 14:59:35,71,73,14300,23755
2023-07-18 15:00:10,70,73,14295,23760
2023-07-18 15:00:21,70,74,14295,23760
2023-07-18 15:00:32,70,73,14295,23760
2023-07-18 15:00:33,70,74,14295,23760
2023-07-18 15:00:43,69,74,14295,23760
2023-07-18 15:00:46,70,74,14295,23760
2023-07-18 15:00:48,69,74,14295,23760
2023-07-18 15:00:51,69,72,14295,23760
2023-07-18 15:00:55,69,70,14295,23760
2023-07-18 15:00:55,68,70,14295,23765
2023-07-18 15:00:59,64,70,14295,23765
2023-07-18 15:01:01,64,69,14295,23765
2023-07-18 15:01:06,64,70,14295,23765
2023-07-18 15:01:07,64,69,14295,23765
2023-07-18 15:01:09,64,70,14295,23765
2023-07-18 15:01:15,64,69,14295,23765
2023-07-18 15:01:16,63,69,14295,23765
2023-07-18 15:01:19,64,69,14295,23765
2023-07-18 15:01:21,64,68,14295,23765
2023-07-18 15:01:21,63,68,14295,23765
2023-07-18 15:01:26,63,66,14295,23765
2023-07-18 15:01:27,63,64,14295,23765
2023-07-18 15:01:31,63,65,14295,23965
2023-07-18 15:01:36,63,66,14295,23965
2023-07-18 15:01:36,63,64,14295,23965
2023-07-18 15:01:52,60,64,14295,23965
2023-07-18 15:01:53,60,65,14295,23965
2023-07-18 15:02:02,60,64,14295,23965
2023-07-18 15:02:03,60,63,14295,23965
2023-07-18 15:02:09,60,64,14295,23965
2023-07-18 15:02:25,62,64,14295,23965
2023-07-18 15:02:26,60,64,14295,23965
2023-07-18 15:02:26,61,64,14295,23965
2023-07-18 15:02:29,62,64,14295,23965
2023-07-18 15:02:30,63,64,14295,23965
2023-07-18 15:02:32,63,66,14295,23965
2023-07-18 15:02:32,63,67,14295,23965
2023-07-18 15:02:32,64,67,14295,23965
2023-07-18 15:02:37,65,67,14295,23965
2023-07-18 15:02:38,66,67,14295,23965
2023-07-18 15:02:41,68,69,14297,23967
2023-07-18 15:02:48,68,71,14297,23967
2023-07-18 15:02:48,68,73,14297,23967
2023-07-18 15:02:48,69,73,14297,23967
2023-07-18 15:02:51,68,73,14297,23967
2023-07-18 15:02:58,66,73,14297,23967
2023-07-18 15:02:58,67,73,14297,23967
2023-07-18 15:02:58,67,72,14297,23967
2023-07-18 15:03:01,66,72,14297,23967
2023-07-18 15:03:01,68,72,14297,23967
2023-07-18 15:03:01,68,73,14297,23967
2023-07-18 15:03:05,66,73,14297,23967
2023-07-18 15:03:05,69,73,14297,23967
2023-07-18 15:03:16,70,73,14297,23967
2023-07-18 15:03:19,68,73,14297,23967
2023-07-18 15:03:19,69,73,14297,23967
2023-07-18 15:03:20,70,73,14297,23967
2023-07-18 15:03:31,70,74,14297,23967
2023-07-18 15:03:50,69,74,14297,23967
2023-07-18 15:03:55,70,74,14297,23967
2023-07-18 15:04:08,71,74,14297,23967
2023-07-18 15:04:21,72,74,14297,23967
2023-07-18 15:04:29,72,75,14297,23967
2023-07-18 15:04:39,73,75,14297,23967
2023-07-18 15:04:43,73,76,14297,23967
2023-07-18 15:04:44,75,76,14297,23967
2023-07-18 15:04:52,74,76,14297,23967
2023-07-18 15:05:00,74,78,14297,23967
2023-07-18 15:05:09,73,78,14297,23967
2023-07-18 15:05:09,73,77,14297,23967
2023-07-18 15:05:10,73,78,14297,23967
2023-07-18 15:05:11,74,78,14297,23967
2023-07-18 15:05:13,75,78,14297,23967
2023-07-18 15:05:14,76,78,14297,23967
2023-07-18 15:05:15,77,78,14297,23967
2023-07-18 15:05:16,77,79,14297,23967
2023-07-18 15:05:19,77,82,14345,24065
2023-07-18 15:05:19,77,80,14345,24065
2023-07-18 15:05:20,77,81,14345,24065
2023-07-18 15:05:22,78,81,14345,24065
2023-07-18 15:05:24,78,82,14345,24065
2023-07-18 15:05:24,78,81,14345,24065
2023-07-18 15:05:25,78,81,14345,24077
2023-07-18 15:05:29,79,81,14345,24077
2023-07-18 15:05:31,79,81,14345,24085
2023-07-18 15:05:34,79,81,14325,24105
2023-07-18 15:05:40,78,81,14325,24105
2023-07-18 15:05:40,77,81,14325,24105
2023-07-18 15:05:40,78,81,14325,24105
2023-07-18 15:05:47,78,81,14325,24109
2023-07-18 15:06:04,79,81,14325,24109
2023-07-18 15:06:05,78,81,14325,24109
2023-07-18 15:06:08,79,81,14325,24109
2023-07-18 15:06:28,79,82,14349,24133
2023-07-18 15:06:28,79,81,14349,24133
2023-07-18 15:06:30,80,81,14349,24133
2023-07-18 15:06:34,79,81,14349,24133
2023-07-18 15:06:34,80,81,14349,24133
2023-07-18 15:07:41,79,81,14349,24134
2023-07-18 15:07:41,78,79,14349,24137
2023-07-18 15:07:42,78,80,14349,24137
2023-07-18 15:07:42,78,79,14349,24137
2023-07-18 15:07:46,78,80,14349,24137
2023-07-18 15:07:46,78,79,14349,24137
2023-07-18 15:07:55,78,80,14349,24137
2023-07-18 15:08:02,78,79,14349,24137
2023-07-18 15:08:06,77,79,14349,24141
2023-07-18 15:08:08,77,78,14349,24141
2023-07-18 15:08:08,75,77,14349,24142
2023-07-18 15:08:09,75,78,14349,24142
2023-07-18 15:08:10,75,78,14349,24142
2023-07-18 15:08:10,76,78,14349,24142
2023-07-18 15:08:13,76,77,14349,24142
2023-07-18 15:08:14,75,77,14349,24142
2023-07-18 15:08:18,75,78,14349,24142
2023-07-18 15:08:18,76,78,14349,24142
2023-07-18 15:08:19,76,77,14349,24142
2023-07-18 15:08:32,75,77,14349,24142
2023-07-18 15:08:32,77,78,14349,24143
2023-07-18 15:08:32,75,78,14349,24143
2023-07-18 15:08:32,76,78,14349,24143
2023-07-18 15:08:33,77,78,14349,24143
2023-07-18 15:08:35,78,79,14349,24148
2023-07-18 15:08:36,78,79,14349,24149
2023-07-18 15:08:39,77,79,14349,24149
2023-07-18 15:08:39,79,80,14349,24150
2023-07-18 15:08:50,79,80,14336,24165
2023-07-18 15:09:02,78,80,14336,24165
2023-07-18 15:09:04,79,80,14336,24165
2023-07-18 15:10:26,79,80,14336,24263
2023-07-18 15:10:34,79,80,14336,24361
2023-07-18 15:10:41,80,81,14337,24451
2023-07-18 15:10:42,79,81,14337,24451
2023-07-18 15:10:51,80,81,14337,24451
2023-07-18 15:10:57,80,82,14337,24451
2023-07-18 15:10:57,80,81,14337,24451
2023-07-18 15:11:00,80,82,14337,24451
2023-07-18 15:11:08,81,82,14337,24451
2023-07-18 15:11:13,82,83,14338,24452
2023-07-18 15:11:13,81,82,14341,24455
2023-07-18 15:11:18,81,82,14439,24553
2023-07-18 15:11:25,81,83,14439,24553
2023-07-18 15:11:25,81,82,14439,24553
2023-07-18 15:11:27,81,83,14439,24553
2023-07-18 15:11:28,81,82,14439,24553
2023-07-18 15:11:31,81,83,14439,24553
2023-07-18 15:11:33,81,82,14439,24553
2023-07-18 15:11:45,82,83,14490,24604
2023-07-18 15:11:45,82,83,14540,24654
2023-07-18 15:11:46,81,83,14540,24654
2023-07-18 15:11:46,82,83,14540,24654
2023-07-18 15:11:56,82,84,14540,24654
2023-07-18 15:11:56,82,83,14540,24654
2023-07-18 15:12:00,82,84,14740,24854
2023-07-18 15:12:00,82,83,14740,24854
2023-07-18 15:12:06,81,83,14740,24854
2023-07-18 15:12:14,81,82,14740,24854
2023-07-18 15:12:14,80,82,14740,24854
2023-07-18 15:12:20,80,83,14740,24854
2023-07-18 15:12:58,80,84,14740,24854
2023-07-18 15:13:12,81,84,14740,24854
2023-07-18 15:13:13,83,84,14740,24854
2023-07-18 15:13:13,86,87,14788,24902
2023-07-18 15:13:13,84,87,15089,25203
2023-07-18 15:13:13,83,84,15140,25254
2023-07-18 15:13:48,85,86,15291,25405
2023-07-18 15:13:52,86,87,15393,25507
2023-07-18 15:13:53,85,87,15393,25507
2023-07-18 15:13:56,86,87,15393,25507
2023-07-18 15:13:56,86,90,15442,25707
2023-07-18 15:13:56,86,87,15442,25707
2023-07-18 15:13:57,86,87,15642,25907
2023-07-18 15:13:57,86,88,15642,25907
2023-07-18 15:13:57,86,87,15642,25907
2023-07-18 15:13:57,86,87,15670,25935
2023-07-18 15:13:58,87,88,15677,25942
2023-07-18 15:13:58,87,88,15684,25949
2023-07-18 15:14:00,87,88,15691,25956
2023-07-18 15:14:01,88,91,15736,26001
2023-07-18 15:14:01,88,89,15736,26001
2023-07-18 15:14:06,89,91,15781,26046
2023-07-18 15:14:06,89,90,15781,26046
2023-07-18 15:14:06,89,90,15816,26081
2023-07-18 15:14:09,88,90,15816,26081
2023-07-18 15:14:09,86,90,15816,26081
2023-07-18 15:14:10,87,90,15816,26081
2023-07-18 15:14:11,86,90,15816,26081
2023-07-18 15:14:20,86,89,15816,26081
2023-07-18 15:14:24,86,87,15816,26081
2023-07-18 15:14:27,85,86,15636,26261
2023-07-18 15:14:27,84,86,15636,26261
2023-07-18 15:14:28,84,87,15636,26261
2023-07-18 15:14:29,84,86,15636,26261
2023-07-18 15:14:31,84,87,15636,26261
2023-07-18 15:14:32,84,88,15636,26261
2023-07-18 15:14:41,85,88,15636,26261
2023-07-18 15:14:45,87,88,15636,26261
2023-07-18 15:14:46,85,88,15636,26261
2023-07-18 15:14:46,86,88,15636,26261
2023-07-18 15:14:55,87,88,15636,26261
2023-07-18 15:15:00,88,89,15637,26262
2023-07-18 15:15:12,89,90,15638,26263
2023-07-18 15:15:15,89,90,15663,26288
2023-07-18 15:15:16,89,90,15688,26313
2023-07-18 15:15:17,91,92,15710,26335
2023-07-18 15:15:17,91,92,15755,26380
2023-07-18 15:15:20,90,92,15755,26380
2023-07-18 15:15:25,91,92,15755,26380
2023-07-18 15:15:26,91,92,15955,26580
2023-07-18 15:15:29,91,92,16014,26639
2023-07-18 15:15:33,92,93,16161,26786
2023-07-18 15:15:33,92,93,16211,26836
2023-07-18 15:15:33,91,92,16214,26839
2023-07-18 15:15:36,91,93,16214,26839
2023-07-18 15:15:37,90,91,16414,27039
2023-07-18 15:15:41,90,93,16414,27039
2023-07-18 15:15:41,90,93,16414,27139
2023-07-18 15:15:41,90,91,16414,27139
2023-07-18 15:15:49,89,91,16414,27139
2023-07-18 15:15:51,89,92,16414,27139
2023-07-18 15:15:51,89,91,16414,27139
2023-07-18 15:15:51,89,90,16414,27139
2023-07-18 15:15:57,88,90,16414,27178
2023-07-18 15:15:59,88,89,16414,27178
2023-07-18 15:16:00,88,90,16414,27178
2023-07-18 15:16:01,87,90,16459,27225
2023-07-18 15:16:06,87,89,16459,27225
2023-07-18 15:16:11,86,89,16459,27225
2023-07-18 15:16:15,86,88,16459,27225
2023-07-18 15:16:19,86,89,16459,27425
2023-07-18 15:16:24,87,89,16459,27425
2023-07-18 15:16:35,86,89,16459,27425
2023-07-18 15:16:47,86,88,16459,27425
2023-07-18 15:16:47,86,87,16459,27425
2023-07-18 15:16:48,85,86,16456,27428
2023-07-18 15:16:50,85,87,16456,27428
2023-07-18 15:16:52,85,87,16427,27457
2023-07-18 15:16:56,85,88,16427,27457
2023-07-18 15:16:59,85,87,16427,27457
2023-07-18 15:17:31,85,88,16427,27457
2023-07-18 15:18:38,85,87,16427,27457
2023-07-18 15:18:43,85,87,16424,27460
2023-07-18 15:18:49,85,87,16421,27463
2023-07-18 15:19:00,84,87,16421,27463
2023-07-18 15:19:15,84,88,16421,27463
2023-07-18 15:19:36,84,87,16421,27463
2023-07-18 15:19:38,84,88,16421,27463
2023-07-18 15:19:41,85,88,16421,27463
2023-07-18 15:20:12,86,88,16421,27463
2023-07-18 15:20:16,86,89,16421,27463
2023-07-18 15:20:23,86,88,16421,27463
2023-07-18 15:20:25,85,86,16420,27464
2023-07-18 15:20:27,84,85,16420,27509
2023-07-18 15:20:31,80,82,16414,27560
2023-07-18 15:20:31,80,82,16414,27605
2023-07-18 15:20:31,81,82,16414,27605
2023-07-18 15:20:32,80,81,16414,27650
2023-07-18 15:20:32,80,81,16414,27750
2023-07-18 15:20:32,80,81,16414,27796
2023-07-18 15:20:32,80,82,16414,27805
2023-07-18 15:20:33,81,82,16414,27805
2023-07-18 15:20:33,80,82,16414,27805
2023-07-18 15:20:34,80,82,16324,27895
2023-07-18 15:20:34,81,82,16324,27895
2023-07-18 15:20:36,81,83,16324,27895
2023-07-18 15:20:36,81,82,16324,27895
2023-07-18 15:20:42,81,83,16325,27896
2023-07-18 15:20:42,81,83,16315,27906
2023-07-18 15:20:45,81,82,16315,27906
2023-07-18 15:20:48,81,83,16315,27906
2023-07-18 15:20:48,81,83,16307,27914
2023-07-18 15:20:49,81,82,16307,27914
2023-07-18 15:20:55,81,83,16307,28140
2023-07-18 15:20:56,81,82,16307,28140
2023-07-18 15:20:56,80,82,16307,28140
2023-07-18 15:20:56,79,82,16307,28140
2023-07-18 15:20:56,79,83,16307,28340
2023-07-18 15:20:56,79,82,16307,28340
2023-07-18 15:21:02,80,82,16307,28340
2023-07-18 15:21:04,79,82,16307,28340
2023-07-18 15:21:04,79,83,16307,28340
2023-07-18 15:21:04,79,84,16307,28340
2023-07-18 15:21:04,79,85,16306,28342
2023-07-18 15:21:04,80,85,16306,28342
2023-07-18 15:21:05,80,84,16306,28342
2023-07-18 15:21:07,80,83,16306,28342
2023-07-18 15:21:08,80,84,16306,28342
2023-07-18 15:21:08,80,85,16306,28342
2023-07-18 15:21:08,80,84,16306,28342
2023-07-18 15:21:09,80,85,16305,28343
2023-07-18 15:21:12,81,85,16305,28343
2023-07-18 15:21:13,80,85,16305,28343
2023-07-18 15:21:15,80,84,16305,28343
2023-07-18 15:21:25,80,82,16305,28343
2023-07-18 15:21:26,80,84,16305,28343
2023-07-18 15:21:30,80,82,16305,28343
2023-07-18 15:21:32,80,83,16305,28343
2023-07-18 15:21:35,80,82,16305,28343
2023-07-18 15:21:39,80,83,16305,28343
2023-07-18 15:21:40,80,82,16305,28343
2023-07-18 15:21:49,82,83,16306,28344
2023-07-18 15:21:53,83,84,16307,28345
2023-07-18 15:21:53,83,86,16307,28345
2023-07-18 15:21:54,84,86,16307,28345
2023-07-18 15:21:59,83,86,16307,28345
2023-07-18 15:21:59,83,87,16307,28345
2023-07-18 15:22:03,82,87,16307,28345
2023-07-18 15:22:04,83,87,16307,28345
2023-07-18 15:22:07,82,87,16307,28345
2023-07-18 15:22:08,83,87,16307,28345
2023-07-18 15:22:10,82,87,16307,28345
2023-07-18 15:22:10,82,86,16307,28345
2023-07-18 15:22:25,83,86,16307,28345
2023-07-18 15:22:26,82,86,16307,28345
2023-07-18 15:22:28,83,86,16307,28345
2023-07-18 15:22:29,82,86,16307,28345
2023-07-18 15:22:37,84,86,16307,28345
2023-07-18 15:22:40,82,86,16307,28345
2023-07-18 15:22:40,83,86,16307,28345
2023-07-18 15:22:45,82,86,16307,28345
2023-07-18 15:22:54,86,87,16308,28346
2023-07-18 15:22:58,82,85,16308,28365
2023-07-18 15:22:59,82,87,16308,28365
2023-07-18 15:22:59,82,86,16308,28365
2023-07-18 15:23:00,82,86,16308,28477
2023-07-18 15:23:14,83,86,16308,28477
2023-07-18 15:23:16,84,86,16308,28477
2023-07-18 15:23:17,83,86,16308,28477
2023-07-18 15:23:32,85,86,16308,28477
2023-07-18 15:23:42,85,87,16308,28477
2023-07-18 15:23:45,86,87,16308,28477
2023-07-18 15:23:53,87,88,16309,28478
2023-07-18 15:23:55,86,88,16309,28478
2023-07-18 15:23:55,86,88,16319,28488
2023-07-18 15:23:56,87,88,16319,28488
2023-07-18 15:24:02,87,89,16319,28488
2023-07-18 15:24:10,88,89,16319,28488
2023-07-18 15:24:18,88,89,16334,28503
2023-07-18 15:24:19,89,90,16335,28504
2023-07-18 15:24:26,91,92,16382,28551
2023-07-18 15:24:26,91,92,16427,28596
2023-07-18 15:24:29,91,92,16502,28671
2023-07-18 15:24:43,90,92,16502,28671
2023-07-18 15:24:56,91,92,16502,28671
2023-07-18 15:25:04,92,93,16503,28692
2023-07-18 15:25:05,92,93,16504,28693
2023-07-18 15:25:07,91,93,16504,28693
2023-07-18 15:25:21,91,93,16464,28733
2023-07-18 15:25:40,92,93,16464,28733
2023-07-18 15:25:40,92,93,16521,28790
2023-07-18 15:25:45,92,93,16521,28828
2023-07-18 15:25:51,91,93,16521,28840
2023-07-18 15:25:53,90,93,16521,28840
2023-07-18 15:25:56,91,93,16521,28840
2023-07-18 15:25:58,90,93,16521,28840
2023-07-18 15:25:59,91,93,16521,28840
2023-07-18 15:26:00,90,93,16521,28840
2023-07-18 15:26:14,90,92,16521,28840
2023-07-18 15:26:15,90,93,16521,28840
2023-07-18 15:26:18,90,92,16521,28840
2023-07-18 15:26:34,90,91,16521,28840
2023-07-18 15:26:36,89,90,16520,28841
2023-07-18 15:26:43,88,89,16518,28843
2023-07-18 15:26:44,87,88,16517,28844
2023-07-18 15:26:46,87,88,16516,28845
2023-07-18 15:26:47,87,89,16516,28845
2023-07-18 15:26:47,87,88,16516,28845
2023-07-18 15:26:51,87,88,16516,28846
2023-07-18 15:27:00,88,89,16517,28847
2023-07-18 15:27:09,87,89,16517,28847
2023-07-18 15:27:17,86,87,16517,28892
2023-07-18 15:27:24,86,88,16517,28892
2023-07-18 15:27:25,86,87,16517,28892
2023-07-18 15:27:28,86,88,16500,28910
2023-07-18 15:27:37,87,88,16500,28910
2023-07-18 15:27:37,87,89,16494,28918
2023-07-18 15:28:21,88,89,16494,28918
2023-07-18 15:28:22,87,89,16494,28918
2023-07-18 15:28:51,88,89,16494,28918
2023-07-18 15:29:07,87,89,16494,28918
2023-07-18 15:29:13,87,88,16494,28918
2023-07-18 15:29:22,86,87,16493,28919
2023-07-18 15:29:23,86,87,16492,28920
2023-07-18 15:29:24,86,87,16491,28921
2023-07-18 15:29:25,84,85,16426,29031
2023-07-18 15:29:29,81,85,16420,29082
2023-07-18 15:29:29,84,85,16420,29082
2023-07-18 15:29:34,84,87,16419,29087
2023-07-18 15:29:35,84,86,16419,29087
2023-07-18 15:29:37,84,85,16419,29087
2023-07-18 15:29:37,83,85,16419,29087
2023-07-18 15:29:49,82,85,16419,29087
2023-07-18 15:29:49,83,85,16419,29087
2023-07-18 15:30:01,83,84,16419,29087
2023-07-18 15:30:04,83,84,16397,29109
2023-07-18 15:30:07,83,85,16397,29109
2023-07-18 15:30:13,84,85,16397,29109
2023-07-18 15:30:15,84,86,16397,29109
2023-07-18 15:30:19,85,86,16397,29109
2023-07-18 15:30:29,84,86,16397,29109
2023-07-18 15:30:34,84,87,16397,29109
2023-07-18 15:30:34,84,85,16397,29109
2023-07-18 15:30:35,84,86,16397,29238
2023-07-18 15:30:54,84,85,16397,29238
2023-07-18 15:31:01,84,86,16397,29438
2023-07-18 15:31:22,83,84,16395,29524
2023-07-18 15:31:23,80,81,16393,29571
2023-07-18 15:31:23,80,81,16393,29616
2023-07-18 15:31:24,80,82,16393,29616
2023-07-18 15:31:26,80,83,16393,29616
2023-07-18 15:31:26,80,84,16393,29616
2023-07-18 15:31:26,81,84,16393,29616
2023-07-18 15:31:26,81,84,16372,29637
2023-07-18 15:31:42,81,85,16374,29729
2023-07-18 15:31:44,82,85,16374,29729
2023-07-18 15:31:53,83,85,16374,29729
2023-07-18 15:31:53,83,87,16374,29729
2023-07-18 15:31:54,84,87,16374,29729
2023-07-18 15:31:54,85,87,16374,29729
2023-07-18 15:31:57,86,87,16374,29729
2023-07-18 15:31:59,86,89,16374,29729
2023-07-18 15:32:10,85,89,16374,29729
2023-07-18 15:32:13,84,89,16374,29729
2023-07-18 15:32:16,85,89,16374,29729
2023-07-18 15:32:17,84,89,16374,29729
2023-07-18 15:32:22,85,89,16374,29729
2023-07-18 15:32:23,84,89,16374,29729
2023-07-18 15:32:26,85,89,16374,29729
2023-07-18 15:32:29,85,90,16420,29775
2023-07-18 15:32:30,85,89,16420,29775
2023-07-18 15:32:30,86,89,16420,29775
2023-07-18 15:32:32,86,88,16420,29775
2023-07-18 15:32:32,85,88,16420,29775
2023-07-18 15:32:32,84,88,16420,29775
2023-07-18 15:32:32,85,88,16420,29775
2023-07-18 15:32:33,85,86,16420,29775
2023-07-18 15:32:33,84,86,16420,29775
2023-07-18 15:32:33,82,86,16420,29775
2023-07-18 15:32:33,83,86,16420,29775
2023-07-18 15:32:33,84,86,16420,29775
2023-07-18 15:32:34,84,88,16420,29775
2023-07-18 15:32:34,84,87,16420,29775
2023-07-18 15:32:43,84,88,16420,29775
2023-07-18 15:32:43,85,88,16420,29775
2023-07-18 15:32:44,85,87,16420,29775
2023-07-18 15:32:48,85,88,16420,29975
2023-07-18 15:32:49,85,89,16420,29975
2023-07-18 15:32:51,85,87,16420,29975
2023-07-18 15:33:24,84,85,16419,29976
2023-07-18 15:33:24,83,85,16419,29976
2023-07-18 15:33:24,82,85,16419,29976
2023-07-18 15:33:24,83,85,16419,29976
2023-07-18 15:33:30,83,84,16419,29976
2023-07-18 15:33:30,82,84,16419,29976
2023-07-18 15:33:36,83,84,16419,29976
2023-07-18 15:33:39,82,84,16419,29976
2023-07-18 15:33:43,82,83,16419,29976
2023-07-18 15:33:44,82,85,16420,30177
2023-07-18 15:33:47,82,84,16420,30177
2023-07-18 15:33:49,80,81,16418,30179
2023-07-18 15:33:56,80,83,16418,30179
2023-07-18 15:33:56,78,79,16417,30180
2023-07-18 15:33:57,78,79,16416,30181
2023-07-18 15:33:58,77,79,16415,30182
2023-07-18 15:33:58,78,79,16415,30182
2023-07-18 15:33:59,78,79,16396,30201
2023-07-18 15:34:03,78,80,16397,30402
2023-07-18 15:34:20,79,80,16397,30402
2023-07-18 15:34:20,80,81,16397,30404
2023-07-18 15:34:21,77,81,16350,30504
2023-07-18 15:34:21,79,81,16350,30504
2023-07-18 15:34:24,78,81,16350,30504
2023-07-18 15:34:25,79,81,16350,30504
2023-07-18 15:34:25,79,82,16350,30504
2023-07-18 15:34:26,79,83,16351,30550
2023-07-18 15:34:26,80,83,16351,30550
2023-07-18 15:34:30,80,84,16351,30550
2023-07-18 15:34:33,81,84,16351,30550
2023-07-18 15:34:35,82,84,16351,30550
2023-07-18 15:34:43,84,85,16352,30551
2023-07-18 15:34:46,84,86,16352,30551
2023-07-18 15:34:49,85,86,16352,30551
2023-07-18 15:34:51,84,86,16352,30551
2023-07-18 15:34:51,85,86,16352,30551
2023-07-18 15:34:53,84,86,16352,30551
2023-07-18 15:35:03,83,86,16352,30551
2023-07-18 15:35:07,84,86,16352,30551
2023-07-18 15:35:09,85,86,16352,30551
2023-07-18 15:35:11,84,86,16352,30551
2023-07-18 15:35:13,84,87,16363,30562
2023-07-18 15:35:14,85,87,16363,30562
2023-07-18 15:35:15,85,88,16363,30562
2023-07-18 15:35:28,86,88,16363,30562
2023-07-18 15:35:29,85,88,16363,30562
2023-07-18 15:35:37,86,88,16363,30562
2023-07-18 15:35:40,87,88,16363,30562
2023-07-18 15:35:45,86,88,16363,30562
2023-07-18 15:35:50,85,88,16363,30562
2023-07-18 15:36:07,86,88,16363,30562
2023-07-18 15:36:12,87,88,16363,30562
2023-07-18 15:36:15,86,88,16363,30570
2023-07-18 15:36:16,83,88,16360,30832
2023-07-18 15:36:16,86,88,16360,30832
2023-07-18 15:36:22,85,88,16360,30832
2023-07-18 15:36:43,84,88,16360,30832
2023-07-18 15:36:43,84,87,16360,30832
2023-07-18 15:36:48,84,88,16360,30832
2023-07-18 15:36:48,83,88,16360,30832
2023-07-18 15:36:48,83,86,16360,30832
2023-07-18 15:36:57,82,86,16360,30832
2023-07-18 15:37:00,82,85,16360,30832
2023-07-18 15:37:01,82,84,16360,30832
2023-07-18 15:37:05,80,82,16358,30834
2023-07-18 15:37:12,80,84,16358,30834
2023-07-18 15:37:13,81,84,16358,30834
2023-07-18 15:37:36,80,84,16358,30834
2023-07-18 15:37:43,80,85,16359,31080
2023-07-18 15:37:45,81,85,16359,31080
2023-07-18 15:38:39,82,85,16359,31080
2023-07-18 15:38:48,81,85,16359,31080
2023-07-18 15:38:48,83,85,16359,31080
2023-07-18 15:38:54,81,85,16359,31080
2023-07-18 15:38:54,82,85,16359,31080
2023-07-18 15:38:57,82,86,16359,31080
2023-07-18 15:39:01,83,86,16359,31080
2023-07-18 15:39:04,84,86,16359,31080
2023-07-18 15:39:16,85,86,16359,31080
2023-07-18 15:39:19,85,87,16359,31080
2023-07-18 15:39:19,85,88,16359,31080
2023-07-18 15:39:19,86,88,16359,31080
2023-07-18 15:39:32,87,88,16359,31080
2023-07-18 15:39:44,86,88,16359,31080
2023-07-18 15:40:01,87,88,16359,31080
2023-07-18 15:40:10,87,89,16359,31080
2023-07-18 15:40:12,88,89,16359,31080
2023-07-18 15:40:27,88,90,16359,31080
2023-07-18 15:40:29,89,90,16359,31080
2023-07-18 15:40:34,90,91,16360,31081
2023-07-18 15:40:37,91,92,16361,31082
2023-07-18 15:40:41,91,92,16419,31140
2023-07-18 15:40:42,90,92,16419,31140
2023-07-18 15:40:43,91,92,16419,31140
2023-07-18 15:40:48,92,93,16420,31141
2023-07-18 15:40:50,91,93,16420,31141
2023-07-18 15:40:56,92,93,16420,31141
2023-07-18 15:41:02,91,93,16420,31141
2023-07-18 15:41:03,90,93,16420,31141
2023-07-18 15:41:15,91,93,16420,31141
2023-07-18 15:41:19,91,94,16420,31141
2023-07-18 15:41:32,90,94,16420,31141
2023-07-18 15:41:33,91,94,16420,31141
2023-07-18 15:41:35,90,94,16420,31141
2023-07-18 15:41:37,91,94,16420,31141
2023-07-18 15:41:45,91,95,16421,31142
2023-07-18 15:41:45,91,94,16421,31142
2023-07-18 15:41:53,90,94,16421,31142
2023-07-18 15:41:53,91,94,16421,31142
2023-07-18 15:42:10,91,93,16421,31142
2023-07-18 15:42:15,91,94,16421,31142
2023-07-18 15:42:16,91,93,16421,31142
2023-07-18 15:42:17,91,94,16422,31143
2023-07-18 15:42:32,91,95,16423,31144
2023-07-18 15:42:32,91,94,16423,31144
2023-07-18 15:42:57,92,94,16423,31144
2023-07-18 15:43:16,91,94,16423,31144
2023-07-18 15:43:16,92,94,16423,31144
2023-07-18 15:44:55,92,93,16423,31144
2023-07-18 15:44:55,90,93,16417,31155
2023-07-18 15:44:56,90,92,16417,31155
2023-07-18 15:45:02,90,94,16417,31155
2023-07-18 15:45:02,90,93,16417,31155
2023-07-18 15:45:03,90,94,16417,31155
2023-07-18 15:45:03,90,92,16417,31155
2023-07-18 15:45:05,90,94,16417,31155
2023-07-18 15:45:05,90,93,16417,31155
2023-07-18 15:45:07,91,93,16417,31155
2023-07-18 15:45:18,90,93,16417,31155
2023-07-18 15:45:22,90,92,16417,31155
2023-07-18 15:45:23,89,92,16417,31155
2023-07-18 15:45:25,89,91,16417,31155
2023-07-18 15:45:26,89,90,16417,31155
2023-07-18 15:45:32,88,89,16416,31156
2023-07-18 15:45:35,88,90,16416,31156
2023-07-18 15:45:37,88,92,16416,31156
2023-07-18 15:45:37,88,91,16416,31156
2023-07-18 15:45:39,89,91,16416,31156
2023-07-18 15:45:42,89,94,16416,31156
2023-07-18 15:45:42,89,92,16416,31156
2023-07-18 15:45:42,89,91,16416,31156
2023-07-18 15:45:46,90,91,16416,31156
2023-07-18 15:45:55,91,92,16417,31157
2023-07-18 15:46:20,89,92,16417,31157
2023-07-18 15:46:20,90,92,16417,31157
2023-07-18 15:46:31,91,92,16417,31157
2023-07-18 15:47:04,91,93,16417,31157
2023-07-18 15:47:13,92,93,16417,31157
2023-07-18 15:47:27,93,94,16418,31158
2023-07-18 15:47:31,94,95,16419,31159
2023-07-18 15:47:36,95,96,16420,31160
2023-07-18 15:47:36,95,96,16438,31178
2023-07-18 15:47:36,95,96,16456,31196
2023-07-18 15:47:36,95,96,16474,31214
2023-07-18 15:47:40,95,96,16532,31272
2023-07-18 15:47:44,96,97,16533,31277
2023-07-18 15:47:49,95,97,16533,31277
2023-07-18 15:48:01,96,97,16533,31277
