datetime,bid,ask,open_interest,volume
2023-07-18 09:30:45,17,22,197,198
2023-07-18 09:30:45,17,23,197,198
2023-07-18 09:30:45,17,24,197,198
2023-07-18 09:30:45,17,22,197,198
2023-07-18 09:31:00,17,21,197,198
2023-07-18 09:31:00,17,20,197,198
2023-07-18 09:31:00,17,20,198,200
2023-07-18 09:31:00,17,19,198,200
2023-07-18 09:31:00,17,20,198,200
2023-07-18 09:31:03,17,19,198,200
2023-07-18 09:31:11,17,21,198,200
2023-07-18 09:31:12,17,20,198,200
2023-07-18 09:31:19,17,19,198,200
2023-07-18 09:31:20,17,20,198,200
2023-07-18 09:31:20,17,19,198,200
2023-07-18 09:31:20,17,20,198,200
2023-07-18 09:31:30,17,19,198,200
2023-07-18 09:31:31,17,20,198,200
2023-07-18 09:31:32,17,19,198,200
2023-07-18 09:31:33,17,18,198,200
2023-07-18 09:31:42,17,19,198,200
2023-07-18 09:31:43,16,19,297,300
2023-07-18 09:31:48,16,18,297,300
2023-07-18 09:31:53,16,19,297,300
2023-07-18 09:31:56,16,18,297,300
2023-07-18 09:31:58,16,19,297,300
2023-07-18 09:31:59,16,18,297,300
2023-07-18 09:32:02,16,17,297,300
2023-07-18 09:32:12,15,17,441,451
2023-07-18 09:32:59,16,17,441,451
2023-07-18 09:33:37,16,18,443,453
2023-07-18 09:34:03,16,17,443,453
2023-07-18 09:34:07,15,16,443,454
2023-07-18 09:35:07,15,16,643,654
2023-07-18 09:35:11,14,16,703,715
2023-07-18 09:35:20,14,15,703,715
2023-07-18 09:35:24,14,16,703,715
2023-07-18 09:35:37,14,15,703,715
2023-07-18 09:35:51,13,14,839,851
2023-07-18 09:35:52,13,15,839,851
2023-07-18 09:35:52,13,14,839,851
2023-07-18 09:36:04,13,14,989,1001
2023-07-18 09:36:23,13,15,989,1001
2023-07-18 09:36:24,14,15,989,1001
2023-07-18 09:36:25,14,15,1105,1117
2023-07-18 09:36:31,13,15,1105,1117
2023-07-18 09:36:45,13,14,1105,1117
2023-07-18 09:36:53,13,14,1105,1217
2023-07-18 09:37:06,13,15,1105,1217
2023-07-18 09:37:15,13,14,1105,1217
2023-07-18 09:37:24,13,15,1105,1217
2023-07-18 09:37:58,13,14,1105,1217
2023-07-18 09:38:08,12,13,1206,1318
2023-07-18 09:38:10,12,13,1406,1518
2023-07-18 09:38:13,11,13,1457,1569
2023-07-18 09:38:14,11,12,1457,1569
2023-07-18 09:38:45,11,13,1457,1569
2023-07-18 09:38:50,11,12,1457,1569
2023-07-18 09:38:58,11,13,1457,1569
2023-07-18 09:39:12,11,13,1457,1576
2023-07-18 09:39:14,11,12,1457,1576
2023-07-18 09:39:49,11,13,1457,1576
2023-07-18 09:40:13,11,12,1457,1576
2023-07-18 09:41:00,11,12,1657,1776
2023-07-18 09:41:05,10,11,1708,1827
2023-07-18 09:41:13,9,10,1709,1828
2023-07-18 09:41:15,9,11,1709,1828
2023-07-18 09:41:18,8,11,1709,1828
2023-07-18 09:41:34,8,10,1709,1828
2023-07-18 09:41:57,8,9,1709,1828
2023-07-18 09:42:00,8,9,1800,1928
2023-07-18 09:42:01,8,10,1800,1928
2023-07-18 09:42:25,8,9,1800,1928
2023-07-18 09:42:40,8,10,1800,1928
2023-07-18 09:42:46,8,9,1800,1928
2023-07-18 09:42:48,7,8,2051,2179
2023-07-18 09:42:48,6,8,2148,2276
2023-07-18 09:43:28,7,8,2148,2276
2023-07-18 09:43:30,8,9,2148,2378
2023-07-18 09:43:31,7,9,2148,2378
2023-07-18 09:43:42,6,9,2148,2378
2023-07-18 09:43:48,7,9,2148,2378
2023-07-18 09:44:06,6,9,2148,2378
2023-07-18 09:44:17,7,9,2148,2378
2023-07-18 09:44:21,7,10,2148,2378
2023-07-18 09:44:22,8,10,2148,2378
2023-07-18 09:44:25,7,10,2148,2378
2023-07-18 09:44:29,8,10,2148,2378
2023-07-18 09:44:31,7,10,2148,2378
2023-07-18 09:44:32,8,10,2148,2378
2023-07-18 09:44:33,7,10,2148,2378
2023-07-18 09:44:57,7,9,2148,2378
2023-07-18 09:45:08,7,8,2148,2378
2023-07-18 09:45:26,7,9,2148,2378
2023-07-18 09:45:28,6,9,2148,2378
2023-07-18 09:45:31,6,8,2148,2378
2023-07-18 09:46:18,6,7,2148,2378
2023-07-18 09:48:37,6,7,2248,2478
2023-07-18 09:49:50,6,7,2317,2547
2023-07-18 09:51:21,6,7,2317,2747
2023-07-18 09:51:32,6,7,2317,2947
2023-07-18 09:51:35,6,7,2317,3147
2023-07-18 09:51:37,6,7,2410,3497
2023-07-18 09:51:40,6,7,2760,3847
2023-07-18 09:51:43,6,7,3110,4197
2023-07-18 09:51:48,6,7,3110,4397
2023-07-18 09:51:49,6,7,3460,4747
2023-07-18 09:51:51,6,7,3810,5097
2023-07-18 09:51:53,6,7,4160,5447
2023-07-18 09:51:56,6,9,6091,7378
2023-07-18 09:52:00,6,8,6091,7378
2023-07-18 09:52:03,6,9,6091,7378
2023-07-18 09:52:06,6,8,6091,7378
2023-07-18 09:52:28,6,9,6091,7378
2023-07-18 09:52:31,6,8,6091,7378
2023-07-18 09:52:38,6,9,6091,7378
2023-07-18 09:52:53,6,10,6091,7378
2023-07-18 09:52:58,6,9,6091,7378
2023-07-18 09:54:02,6,8,6091,7378
2023-07-18 09:54:06,6,9,6091,7378
2023-07-18 09:54:07,6,8,6091,7378
2023-07-18 09:55:25,6,7,6091,7378
2023-07-18 09:55:31,6,8,6091,7378
2023-07-18 09:55:57,6,7,6091,7378
2023-07-18 09:56:29,5,6,6246,7533
2023-07-18 09:56:30,5,7,6246,7533
2023-07-18 09:56:44,5,6,6246,7533
2023-07-18 09:56:48,5,7,6246,7533
2023-07-18 09:57:39,5,6,6246,7533
2023-07-18 09:57:59,5,7,6246,7533
2023-07-18 09:58:13,4,7,6567,7854
2023-07-18 09:58:26,4,6,6567,7854
2023-07-18 09:58:44,4,7,6567,7854
2023-07-18 09:59:38,4,6,6567,7854
2023-07-18 09:59:51,4,5,6567,7854
2023-07-18 10:00:01,4,5,6767,8054
2023-07-18 10:00:06,3,4,6818,8105
2023-07-18 10:00:11,3,5,6818,8105
2023-07-18 10:01:01,3,5,6968,8255
2023-07-18 10:01:12,3,4,6968,8255
2023-07-18 10:01:16,3,5,6968,8255
2023-07-18 10:01:23,3,4,6968,8255
2023-07-18 10:01:27,3,5,6968,8255
2023-07-18 10:01:47,3,4,6968,8255
2023-07-18 10:02:03,3,5,6968,8255
2023-07-18 10:02:04,3,4,6968,8255
2023-07-18 10:02:05,3,5,6968,8255
2023-07-18 10:02:06,3,4,6968,8255
2023-07-18 10:02:11,3,5,6968,8255
2023-07-18 10:02:13,3,4,6968,8255
2023-07-18 10:02:18,3,5,6968,8255
2023-07-18 10:02:33,3,4,6968,8255
2023-07-18 10:02:38,3,5,6968,8255
2023-07-18 10:02:39,3,4,6968,8255
2023-07-18 10:02:41,3,5,6968,8255
2023-07-18 10:02:42,3,4,6968,8255
2023-07-18 10:02:48,3,5,6968,8255
2023-07-18 10:02:49,3,4,6968,8255
2023-07-18 10:03:04,3,5,6968,8255
2023-07-18 10:03:06,3,4,6968,8255
2023-07-18 10:03:12,3,5,6968,8255
2023-07-18 10:05:16,3,4,6968,8255
2023-07-18 10:05:28,3,5,6968,8255
2023-07-18 10:05:48,3,4,6968,8255
2023-07-18 10:05:52,3,5,6968,8255
2023-07-18 10:05:58,3,4,6968,8255
2023-07-18 10:05:59,3,5,6968,8255
2023-07-18 10:06:02,3,4,6968,8255
2023-07-18 10:07:47,3,5,6968,8255
2023-07-18 10:07:57,3,4,6968,8255
2023-07-18 10:09:05,3,4,7018,8305
2023-07-18 10:15:45,3,4,7030,8317
2023-07-18 10:16:31,3,5,7030,8317
2023-07-18 10:16:32,3,4,7030,8317
2023-07-18 10:18:40,3,5,7030,8317
2023-07-18 10:18:43,3,4,7030,8317
2023-07-18 10:19:21,3,5,7030,8317
2023-07-18 10:19:28,3,4,7030,8317
2023-07-18 10:20:51,3,4,7035,8322
2023-07-18 10:21:12,3,5,7035,8322
2023-07-18 10:21:14,3,4,7035,8322
2023-07-18 10:21:16,3,5,7035,8322
2023-07-18 10:21:25,3,4,7035,8322
2023-07-18 10:22:20,3,5,7035,8322
2023-07-18 10:22:20,3,4,7035,8322
2023-07-18 10:22:24,3,5,7035,8322
2023-07-18 10:22:36,3,4,7035,8322
2023-07-18 10:22:42,3,5,7035,8322
2023-07-18 10:22:48,3,4,7035,8322
2023-07-18 10:22:49,3,5,7035,8322
2023-07-18 10:22:52,3,4,7035,8322
2023-07-18 10:23:28,3,4,7185,8472
2023-07-18 10:25:32,3,4,7209,8496
2023-07-18 10:25:33,3,5,7209,8496
2023-07-18 10:26:09,3,4,7209,8496
2023-07-18 10:26:29,3,5,7209,8496
2023-07-18 10:26:32,3,4,7209,8496
2023-07-18 10:26:40,3,5,7209,8496
2023-07-18 10:26:41,3,4,7209,8496
2023-07-18 10:26:48,3,5,7209,8496
2023-07-18 10:26:57,3,4,7209,8496
2023-07-18 10:26:59,3,5,7209,8496
2023-07-18 10:27:10,3,4,7209,8496
2023-07-18 10:27:12,3,5,7209,8496
2023-07-18 10:27:33,3,4,7209,8496
2023-07-18 10:27:38,3,5,7209,8496
2023-07-18 10:27:46,3,4,7209,8496
2023-07-18 10:27:47,3,5,7209,8496
2023-07-18 10:27:50,3,4,7209,8496
2023-07-18 10:27:57,3,5,7209,8496
2023-07-18 10:28:00,3,4,7209,8496
2023-07-18 10:28:01,3,5,7209,8496
2023-07-18 10:28:47,3,4,7209,8496
2023-07-18 10:30:40,3,4,7214,8501
2023-07-18 10:31:06,3,5,7214,8501
2023-07-18 10:31:36,3,4,7214,8501
2023-07-18 10:32:02,3,4,7614,8901
2023-07-18 10:35:06,3,4,8014,9301
2023-07-18 10:35:50,2,4,8061,9348
2023-07-18 10:37:01,2,3,8061,9348
2023-07-18 10:38:36,2,4,8061,9348
2023-07-18 10:38:37,2,3,8061,9348
2023-07-18 10:38:41,2,4,8061,9348
2023-07-18 10:38:42,2,3,8061,9348
2023-07-18 10:39:03,2,4,8061,9348
2023-07-18 10:39:06,2,3,8061,9348
2023-07-18 10:41:48,1,3,8562,9849
2023-07-18 10:45:16,1,2,8562,9849
2023-07-18 10:45:26,1,2,8613,9900
2023-07-18 10:45:26,1,2,8664,9951
2023-07-18 10:45:26,1,2,8715,10002
2023-07-18 10:45:49,0,2,10064,11351
2023-07-18 10:51:57,1,2,10064,11351
2023-07-18 11:03:12,1,2,10159,11446
2023-07-18 11:03:12,1,2,10254,11541
2023-07-18 11:03:12,1,2,10349,11636
2023-07-18 12:35:36,1,3,10349,11636
2023-07-18 12:36:05,1,2,10349,11636
2023-07-18 12:36:05,0,1,10350,11637
2023-07-18 14:07:42,0,1,10350,11638
