datetime,bid,ask,open_interest,volume
2023-10-10 09:30:03,0,13,672,854
2023-10-10 09:30:16,7,13,672,854
2023-10-10 09:30:29,7,12,672,854
2023-10-10 09:30:31,7,13,672,854
2023-10-10 09:30:36,7,12,672,854
2023-10-10 09:30:39,0,12,672,854
2023-10-10 09:30:40,5,12,672,854
2023-10-10 09:30:40,6,12,672,854
2023-10-10 09:30:40,6,11,672,854
2023-10-10 09:30:44,6,10,672,854
2023-10-10 09:30:54,0,10,672,854
2023-10-10 09:30:55,4,10,672,854
2023-10-10 09:30:55,5,10,672,854
2023-10-10 09:31:00,8,10,672,854
2023-10-10 09:31:07,9,10,672,854
2023-10-10 09:31:10,8,10,672,854
2023-10-10 09:31:24,9,10,672,854
2023-10-10 09:31:28,9,10,922,1104
2023-10-10 09:31:31,9,10,1172,1354
2023-10-10 09:31:34,9,10,1422,1604
2023-10-10 09:31:36,9,10,1672,1854
2023-10-10 09:31:39,9,10,1922,2104
2023-10-10 09:31:40,9,11,1922,2104
2023-10-10 09:32:02,10,11,1922,2104
2023-10-10 09:32:05,9,11,1922,2104
2023-10-10 09:32:06,9,10,1922,2104
2023-10-10 09:32:10,9,11,2122,2304
2023-10-10 09:32:12,10,11,2122,2304
2023-10-10 09:32:12,10,11,2222,2404
2023-10-10 09:32:13,9,11,2222,2404
2023-10-10 09:32:13,9,10,2222,2404
2023-10-10 09:32:14,9,11,2422,2604
2023-10-10 09:32:15,9,10,2422,2604
2023-10-10 09:32:17,9,11,2522,2704
2023-10-10 09:32:20,9,10,2522,2704
2023-10-10 09:32:55,9,10,2722,2904
2023-10-10 09:32:55,9,11,2722,2904
2023-10-10 09:33:20,9,12,4022,4204
2023-10-10 09:33:33,10,12,4022,4204
2023-10-10 09:33:36,10,13,4022,4204
2023-10-10 09:33:48,10,12,4022,4204
2023-10-10 09:34:07,10,13,4022,4204
2023-10-10 09:34:14,10,12,4022,4204
2023-10-10 09:34:17,10,13,4022,4204
2023-10-10 09:34:18,10,12,4022,4204
2023-10-10 09:34:27,10,13,4022,4204
2023-10-10 09:34:28,10,12,4022,4204
2023-10-10 09:34:30,10,13,4022,4204
2023-10-10 09:34:55,10,12,4022,4204
2023-10-10 09:34:57,9,12,4022,4204
2023-10-10 09:35:01,9,11,4022,4204
2023-10-10 09:35:05,9,12,4022,4204
2023-10-10 09:35:06,10,12,4022,4204
2023-10-10 09:35:07,9,12,4022,4204
2023-10-10 09:35:14,10,12,4022,4204
2023-10-10 09:35:37,9,12,4022,4204
2023-10-10 09:35:39,10,12,4022,4204
2023-10-10 09:35:40,9,12,4022,4204
2023-10-10 09:35:46,9,11,4022,4204
2023-10-10 09:35:49,9,12,4022,4204
2023-10-10 09:35:53,9,11,4022,4204
2023-10-10 09:36:36,8,11,4022,4204
2023-10-10 09:36:36,8,10,4022,4204
2023-10-10 09:37:08,8,11,4022,4204
2023-10-10 09:37:09,9,11,4022,4204
2023-10-10 09:37:33,9,12,4022,4204
2023-10-10 09:37:45,10,12,4022,4204
2023-10-10 09:37:50,9,12,4022,4204
2023-10-10 09:37:54,10,12,4022,4204
2023-10-10 09:37:56,9,12,4022,4204
2023-10-10 09:38:00,10,12,4022,4204
2023-10-10 09:38:01,10,13,4022,4204
2023-10-10 09:38:02,10,12,4022,4204
2023-10-10 09:38:03,10,13,4022,4204
2023-10-10 09:38:06,10,12,4022,4204
2023-10-10 09:38:24,9,12,4022,4204
2023-10-10 09:38:26,10,12,4022,4204
2023-10-10 09:38:33,10,13,4022,4204
2023-10-10 09:38:34,10,12,4022,4204
2023-10-10 09:38:39,9,12,4022,4204
2023-10-10 09:38:46,9,11,4022,4204
2023-10-10 09:38:52,8,11,4022,4204
2023-10-10 09:38:54,9,11,4022,4204
2023-10-10 09:39:11,8,11,4022,4204
2023-10-10 09:39:12,8,10,4022,4204
2023-10-10 09:39:40,8,11,4022,4204
2023-10-10 09:39:44,9,11,4022,4204
2023-10-10 09:39:47,8,11,4022,4204
2023-10-10 09:39:48,9,11,4022,4204
2023-10-10 09:39:51,8,11,4022,4204
2023-10-10 09:40:05,8,10,4022,4204
2023-10-10 09:40:08,8,11,4022,4204
2023-10-10 09:40:11,9,11,4022,4204
2023-10-10 09:40:12,8,11,4022,4204
2023-10-10 09:40:13,9,11,4022,4204
2023-10-10 09:40:14,8,11,4022,4204
2023-10-10 09:40:16,9,11,4022,4204
2023-10-10 09:40:32,8,11,4022,4204
2023-10-10 09:40:35,8,10,4022,4204
2023-10-10 09:40:53,8,9,4022,4204
2023-10-10 09:41:50,8,11,4022,4204
2023-10-10 09:41:53,9,11,4022,4204
2023-10-10 09:42:05,9,10,4022,4204
2023-10-10 09:42:12,8,10,4022,4204
2023-10-10 09:43:20,9,10,4022,4204
2023-10-10 09:43:27,9,12,4022,4298
2023-10-10 09:44:02,10,11,4022,4298
2023-10-10 09:44:22,10,12,4022,4298
2023-10-10 09:44:29,10,11,4022,4298
2023-10-10 09:44:30,9,11,4022,4298
2023-10-10 09:44:44,8,11,4022,4298
2023-10-10 09:44:58,8,10,4022,4298
2023-10-10 09:45:37,9,10,4022,4298
2023-10-10 09:45:46,9,11,4022,4298
2023-10-10 09:46:13,9,12,4022,4298
2023-10-10 09:46:24,9,12,4022,4398
2023-10-10 09:46:28,10,12,4022,4398
2023-10-10 09:47:57,9,12,4022,4398
2023-10-10 09:47:57,9,11,4022,4398
2023-10-10 09:48:56,8,11,4022,4398
2023-10-10 09:48:56,8,10,4022,4398
2023-10-10 09:49:00,8,11,4022,4398
2023-10-10 09:49:04,9,11,4022,4398
2023-10-10 09:49:06,8,11,4022,4398
2023-10-10 09:49:08,9,11,4022,4398
2023-10-10 09:49:09,8,11,4022,4398
2023-10-10 09:49:27,9,11,4022,4398
2023-10-10 09:49:36,8,11,4022,4398
2023-10-10 09:49:38,9,11,4022,4398
2023-10-10 09:50:07,9,12,4022,4398
2023-10-10 09:50:18,10,12,4022,4398
2023-10-10 09:50:54,11,12,4022,4398
2023-10-10 09:51:46,11,13,4022,4398
2023-10-10 09:53:01,11,12,4022,4398
2023-10-10 09:53:05,11,13,4022,4398
2023-10-10 09:53:05,11,12,4022,4398
2023-10-10 09:53:19,11,13,4022,4398
2023-10-10 09:54:32,11,12,4022,4398
2023-10-10 09:54:34,11,13,4022,4398
2023-10-10 09:56:37,11,12,4022,4398
2023-10-10 09:56:39,11,13,4022,4398
2023-10-10 09:56:40,11,12,4022,4398
2023-10-10 09:56:41,11,13,4022,4398
2023-10-10 09:57:01,11,12,4022,4398
2023-10-10 09:57:17,11,13,4022,4398
2023-10-10 09:58:47,12,13,4022,4398
2023-10-10 09:59:33,12,14,4022,4398
2023-10-10 09:59:58,13,14,4022,4398
2023-10-10 10:00:01,13,15,4022,4398
2023-10-10 10:00:03,14,15,4022,4398
2023-10-10 10:00:14,14,16,4022,4398
2023-10-10 10:00:15,15,16,4022,4398
2023-10-10 10:00:36,16,17,4032,4408
2023-10-10 10:00:38,15,17,4032,4408
2023-10-10 10:00:40,16,17,4032,4408
2023-10-10 10:00:55,16,18,4032,4408
2023-10-10 10:01:05,15,18,4032,4408
2023-10-10 10:01:22,16,18,4032,4408
2023-10-10 10:01:34,16,18,4032,4670
2023-10-10 10:01:46,16,18,4082,4720
2023-10-10 10:01:50,16,17,4082,4720
2023-10-10 10:02:02,16,17,4082,4780
2023-10-10 10:02:09,16,17,4082,4900
2023-10-10 10:02:23,16,18,4082,4900
2023-10-10 10:02:23,15,18,4082,4900
2023-10-10 10:02:23,17,18,4082,4900
2023-10-10 10:03:05,17,18,4082,4911
2023-10-10 10:03:11,17,18,4022,4971
2023-10-10 10:03:12,17,19,4022,4971
2023-10-10 10:03:12,18,19,4022,4971
2023-10-10 10:03:33,18,19,4022,5021
2023-10-10 10:04:24,18,19,4022,5030
2023-10-10 10:05:14,17,19,3940,5112
2023-10-10 10:05:51,18,19,3940,5112
2023-10-10 10:05:56,18,19,3880,5172
2023-10-10 10:06:38,17,19,3880,5172
2023-10-10 10:09:07,18,19,3880,5172
2023-10-10 10:09:08,18,20,3880,5303
2023-10-10 10:10:14,17,20,3880,5303
2023-10-10 10:10:27,17,20,3880,5303
2023-10-10 10:10:31,17,19,3880,5303
2023-10-10 10:10:33,17,20,3880,5303
2023-10-10 10:11:02,18,20,3880,5303
2023-10-10 10:11:26,19,20,3880,5303
2023-10-10 10:11:41,18,20,3880,5303
2023-10-10 10:11:44,17,20,3880,5303
2023-10-10 10:12:00,18,20,3880,5303
2023-10-10 10:12:04,17,20,3880,5303
2023-10-10 10:12:06,18,20,3880,5303
2023-10-10 10:12:39,19,20,3880,5303
2023-10-10 10:12:39,19,21,4047,5503
2023-10-10 10:13:16,20,21,4047,5503
2023-10-10 10:13:29,20,22,4047,5503
2023-10-10 10:13:35,20,21,4047,5503
2023-10-10 10:13:52,21,22,4047,5515
2023-10-10 10:14:13,21,23,4047,5515
2023-10-10 10:14:54,22,23,4047,5515
2023-10-10 10:15:03,22,24,4047,5515
2023-10-10 10:15:05,22,24,4047,5575
2023-10-10 10:16:48,21,24,4047,5575
2023-10-10 10:16:49,21,24,4047,5575
2023-10-10 10:17:01,22,24,4047,5575
2023-10-10 10:17:01,22,24,4047,5635
2023-10-10 10:17:02,21,24,4047,5635
2023-10-10 10:17:21,22,24,4047,5635
2023-10-10 10:19:47,23,24,4047,5635
2023-10-10 10:19:49,23,25,4047,5635
2023-10-10 10:20:12,23,24,4047,5635
2023-10-10 10:20:23,23,24,4132,5755
2023-10-10 10:20:31,23,25,4132,5755
2023-10-10 10:20:56,23,24,4132,5755
2023-10-10 10:20:57,23,25,4132,5755
2023-10-10 10:21:12,23,24,4132,5755
2023-10-10 10:21:13,23,25,4132,5755
2023-10-10 10:21:14,23,24,4132,5755
2023-10-10 10:21:15,22,24,4132,5755
2023-10-10 10:21:45,22,25,4132,5755
2023-10-10 10:21:53,23,25,4132,5755
2023-10-10 10:22:22,22,25,4132,5755
2023-10-10 10:22:26,22,24,4132,5755
2023-10-10 10:23:03,21,24,4132,5755
2023-10-10 10:23:09,21,23,4132,5755
2023-10-10 10:23:27,21,24,4132,5755
2023-10-10 10:23:29,22,24,4132,5755
2023-10-10 10:23:48,22,25,4132,5755
2023-10-10 10:24:04,23,25,4132,5755
2023-10-10 10:25:05,23,24,4132,5755
2023-10-10 10:25:06,23,25,4132,5755
2023-10-10 10:25:34,23,24,4132,5755
2023-10-10 10:25:36,22,24,4132,5755
2023-10-10 10:26:00,22,25,4132,5755
2023-10-10 10:26:08,23,25,4132,5755
2023-10-10 10:26:47,24,25,4132,5755
2023-10-10 10:27:01,24,26,4132,5755
2023-10-10 10:27:21,25,26,4132,5755
2023-10-10 10:27:27,25,27,4132,5755
2023-10-10 10:27:38,26,27,4132,5755
2023-10-10 10:28:49,25,27,4132,5755
2023-10-10 10:30:00,24,27,4132,5755
2023-10-10 10:30:01,25,27,4132,5755
2023-10-10 10:30:39,24,27,4132,5755
2023-10-10 10:30:50,25,27,4132,5755
2023-10-10 10:31:03,24,27,4132,5755
2023-10-10 10:31:30,24,26,4132,5755
2023-10-10 10:32:25,24,27,4132,5755
2023-10-10 10:32:30,25,27,4132,5755
2023-10-10 10:33:01,26,27,4132,5755
2023-10-10 10:33:36,26,28,4132,5755
2023-10-10 10:34:02,27,28,4132,5755
2023-10-10 10:34:02,27,29,4132,5755
2023-10-10 10:34:06,28,29,4132,5755
2023-10-10 10:34:49,27,29,4132,5755
2023-10-10 10:36:11,28,29,4132,5755
2023-10-10 10:36:44,28,30,4132,5755
2023-10-10 10:36:52,29,30,4132,5755
2023-10-10 10:37:45,29,31,4132,5755
2023-10-10 10:38:35,30,31,4132,5755
2023-10-10 10:38:36,30,32,4132,5755
2023-10-10 10:39:45,30,31,4132,5755
2023-10-10 10:39:48,29,31,4132,5855
2023-10-10 10:39:49,29,30,4132,5855
2023-10-10 10:39:49,28,30,4132,5855
2023-10-10 10:39:51,28,31,4132,5855
2023-10-10 10:39:53,28,30,4132,5855
2023-10-10 10:40:09,27,30,4132,5855
2023-10-10 10:41:42,28,30,4132,5855
2023-10-10 10:41:45,27,30,4132,5855
2023-10-10 10:42:56,28,30,4132,5855
2023-10-10 10:43:14,27,30,4132,5855
2023-10-10 10:43:20,28,30,4132,5855
2023-10-10 10:43:24,27,30,4132,5855
2023-10-10 10:43:29,28,30,4132,5855
2023-10-10 10:43:32,27,30,4132,5855
2023-10-10 10:43:42,27,29,4132,5855
2023-10-10 10:43:51,27,28,4132,5855
2023-10-10 10:45:10,26,28,4132,5855
2023-10-10 10:45:17,26,28,4192,5915
2023-10-10 10:45:22,26,27,4192,5915
2023-10-10 10:46:58,25,28,4192,5915
2023-10-10 10:46:59,26,28,4192,5915
2023-10-10 10:47:28,25,28,4192,5915
2023-10-10 10:47:28,25,27,4192,5915
2023-10-10 10:47:46,25,26,4192,5915
2023-10-10 10:47:52,24,26,4192,5915
2023-10-10 10:50:01,24,27,4192,5915
2023-10-10 10:50:05,25,27,4192,5915
2023-10-10 10:50:19,25,28,4192,5915
2023-10-10 10:50:36,25,27,4192,5915
2023-10-10 10:50:40,25,28,4192,5915
2023-10-10 10:50:43,25,27,4192,5915
2023-10-10 10:50:44,25,28,4192,5915
2023-10-10 10:51:26,26,28,4192,5915
2023-10-10 10:51:45,27,28,4192,5915
2023-10-10 10:51:48,27,29,4192,5915
2023-10-10 10:51:55,27,30,4192,5915
2023-10-10 10:51:55,28,30,4192,5915
2023-10-10 10:52:33,29,30,4192,5915
2023-10-10 10:52:53,29,31,4192,5915
2023-10-10 10:54:07,28,31,4192,5915
2023-10-10 10:54:10,28,30,4192,5915
2023-10-10 10:54:18,28,31,4192,5915
2023-10-10 10:54:20,28,30,4192,5915
2023-10-10 10:54:25,28,31,4192,5915
2023-10-10 10:54:36,28,30,4192,5915
2023-10-10 10:55:04,27,30,4192,5915
2023-10-10 10:55:04,27,29,4192,5915
2023-10-10 10:55:09,26,29,4192,5915
2023-10-10 10:55:11,27,29,4192,5915
2023-10-10 10:55:12,26,29,4192,5915
2023-10-10 10:55:17,26,28,4192,5915
2023-10-10 10:56:08,26,28,4192,6015
2023-10-10 10:57:05,26,29,4192,6015
2023-10-10 10:57:12,26,28,4192,6015
2023-10-10 10:57:16,26,29,4192,6015
2023-10-10 10:57:24,27,29,4192,6015
2023-10-10 10:57:33,27,29,4481,6504
2023-10-10 10:57:33,28,29,4481,6504
2023-10-10 10:57:34,28,30,4481,6504
2023-10-10 10:57:39,28,29,4481,6504
2023-10-10 10:57:40,28,30,4481,6504
2023-10-10 10:57:41,28,29,4481,6504
2023-10-10 10:57:43,28,30,4481,6504
2023-10-10 10:58:22,27,30,4481,6504
2023-10-10 10:58:22,29,30,4481,6504
2023-10-10 10:58:22,29,30,4481,6564
2023-10-10 10:58:24,27,30,4252,6793
2023-10-10 10:58:56,28,30,4252,6793
2023-10-10 10:59:08,28,31,4252,6793
2023-10-10 10:59:44,28,30,4252,6793
2023-10-10 10:59:48,28,31,4252,6793
2023-10-10 10:59:55,28,30,4252,6793
2023-10-10 11:00:04,27,30,4252,6793
2023-10-10 11:00:05,27,29,4252,6793
2023-10-10 11:00:07,27,30,4252,6793
2023-10-10 11:00:23,27,29,4252,6793
2023-10-10 11:00:28,27,30,4252,6793
2023-10-10 11:00:38,27,29,4252,6793
2023-10-10 11:00:46,26,29,4252,6793
2023-10-10 11:01:18,26,28,4252,6793
2023-10-10 11:01:35,26,29,4252,6793
2023-10-10 11:01:38,27,29,4252,6793
2023-10-10 11:01:50,27,30,4252,6793
2023-10-10 11:01:51,28,30,4252,6793
2023-10-10 11:02:04,28,31,4252,6793
2023-10-10 11:02:06,28,30,4252,6793
2023-10-10 11:02:21,28,31,4252,6793
2023-10-10 11:02:34,28,30,4252,6793
2023-10-10 11:02:35,28,31,4252,6793
2023-10-10 11:02:43,29,31,4252,6793
2023-10-10 11:04:36,30,31,4252,6793
2023-10-10 11:04:42,30,32,4252,6793
2023-10-10 11:05:27,31,32,4252,6793
2023-10-10 11:05:40,31,33,4252,6793
2023-10-10 11:07:37,32,33,4252,6793
2023-10-10 11:07:52,31,33,4252,6793
2023-10-10 11:07:56,32,33,4252,6793
2023-10-10 11:07:56,32,34,4252,6793
2023-10-10 11:07:57,32,35,4252,6793
2023-10-10 11:07:57,33,35,4252,6793
2023-10-10 11:08:01,34,35,4252,6793
2023-10-10 11:08:06,34,36,4252,6793
2023-10-10 11:08:07,35,36,4252,6793
2023-10-10 11:08:07,35,36,4452,6993
2023-10-10 11:08:07,35,37,4452,6993
2023-10-10 11:08:08,36,37,4452,6993
2023-10-10 11:08:26,34,37,4452,6993
2023-10-10 11:08:26,35,37,4452,6993
2023-10-10 11:08:38,35,36,4452,6993
2023-10-10 11:08:42,35,37,4452,6993
2023-10-10 11:09:11,35,36,4452,6993
2023-10-10 11:09:20,35,37,4452,6993
2023-10-10 11:09:26,35,36,4452,6993
2023-10-10 11:09:31,33,36,4252,7193
2023-10-10 11:09:34,34,36,4252,7193
2023-10-10 11:09:38,33,36,4252,7193
2023-10-10 11:09:40,34,36,4252,7193
2023-10-10 11:09:41,33,36,4252,7193
2023-10-10 11:09:50,33,35,4252,7193
2023-10-10 11:10:27,32,35,4252,7193
2023-10-10 11:10:28,32,34,4252,7193
2023-10-10 11:11:11,33,34,4252,7193
2023-10-10 11:11:19,32,34,4252,7193
2023-10-10 11:11:32,33,34,4252,7193
2023-10-10 11:11:36,33,35,4252,7193
2023-10-10 11:12:19,33,36,4252,7193
2023-10-10 11:12:42,34,36,4252,7193
2023-10-10 11:13:19,34,37,4252,7193
2023-10-10 11:13:25,34,36,4252,7193
2023-10-10 11:13:34,34,37,4252,7193
2023-10-10 11:13:44,35,37,4252,7193
2023-10-10 11:14:07,36,37,4252,7193
2023-10-10 11:14:12,36,38,4252,7193
2023-10-10 11:15:09,37,38,4252,7193
2023-10-10 11:15:14,37,39,4252,7193
2023-10-10 11:15:30,38,39,4252,7193
2023-10-10 11:15:33,38,40,4252,7193
2023-10-10 11:15:33,38,41,4252,7193
2023-10-10 11:15:40,39,41,4252,7193
2023-10-10 11:16:28,40,41,4252,7193
2023-10-10 11:17:42,39,41,4252,7193
2023-10-10 11:17:58,40,41,4252,7193
2023-10-10 11:17:59,39,41,4252,7193
2023-10-10 11:18:54,40,41,4252,7193
2023-10-10 11:18:56,39,41,4252,7193
2023-10-10 11:19:04,40,41,4252,7193
2023-10-10 11:19:07,39,41,4252,7193
2023-10-10 11:19:14,40,41,4252,7193
2023-10-10 11:19:46,40,42,4252,7193
2023-10-10 11:20:56,39,42,4252,7193
2023-10-10 11:20:59,39,41,4252,7193
2023-10-10 11:21:54,40,41,4252,7193
2023-10-10 11:21:59,40,42,4252,7193
2023-10-10 11:22:06,39,42,4252,7193
2023-10-10 11:22:35,40,42,4252,7193
2023-10-10 11:22:37,39,42,4252,7193
2023-10-10 11:22:45,39,41,4252,7193
2023-10-10 11:22:52,39,42,4252,7193
2023-10-10 11:24:02,39,41,4252,7193
2023-10-10 11:24:30,40,41,4252,7193
2023-10-10 11:25:02,40,42,4252,7193
2023-10-10 11:25:09,39,42,4252,7193
2023-10-10 11:25:15,40,42,4252,7193
2023-10-10 11:25:19,39,42,4252,7193
2023-10-10 11:25:30,39,41,4252,7193
2023-10-10 11:25:32,38,41,4252,7193
2023-10-10 11:25:42,38,40,4252,7193
2023-10-10 11:26:43,38,41,4252,7193
2023-10-10 11:26:48,39,41,4252,7193
2023-10-10 11:27:14,40,41,4252,7193
2023-10-10 11:27:14,40,42,4252,7193
2023-10-10 11:31:13,39,42,4252,7193
2023-10-10 11:31:18,39,41,4252,7193
2023-10-10 11:31:32,40,41,4252,7193
2023-10-10 11:31:35,40,42,4252,7193
2023-10-10 11:31:42,41,42,4252,7193
2023-10-10 11:32:48,41,43,4252,7193
2023-10-10 11:34:59,42,43,4252,7193
2023-10-10 11:35:40,41,43,4252,7193
2023-10-10 11:36:08,42,43,4252,7193
2023-10-10 11:36:19,41,43,4252,7193
2023-10-10 11:36:47,41,42,4252,7193
2023-10-10 11:36:53,40,42,4252,7193
2023-10-10 11:36:54,40,41,4252,7193
2023-10-10 11:36:55,39,41,4252,7193
2023-10-10 11:37:07,40,41,4252,7193
2023-10-10 11:37:34,40,43,4252,7193
2023-10-10 11:37:38,41,43,4252,7193
2023-10-10 11:38:08,42,43,4252,7193
2023-10-10 11:38:54,42,44,4252,7193
2023-10-10 11:41:30,43,44,4252,7193
2023-10-10 11:41:35,43,45,4252,7193
2023-10-10 11:42:06,44,45,4252,7193
2023-10-10 11:42:18,43,45,4252,7193
2023-10-10 11:42:56,44,45,4252,7193
2023-10-10 11:43:57,44,46,4252,7193
2023-10-10 11:44:39,45,46,4252,7193
2023-10-10 11:47:44,45,46,4352,7293
2023-10-10 11:48:32,44,46,4352,7393
2023-10-10 11:48:45,44,45,4352,7393
2023-10-10 11:49:38,44,46,4352,7393
2023-10-10 11:50:18,45,46,4352,7393
2023-10-10 11:52:15,45,47,4352,7393
2023-10-10 11:52:27,45,47,4352,7493
2023-10-10 11:52:27,46,47,4352,7493
2023-10-10 11:53:05,45,47,4252,7593
2023-10-10 11:53:08,45,46,4252,7593
2023-10-10 11:53:52,45,47,4252,7593
2023-10-10 11:53:53,45,46,4252,7593
2023-10-10 11:54:52,45,47,4252,7593
2023-10-10 11:54:53,45,46,4252,7593
2023-10-10 11:55:53,45,47,4252,7593
2023-10-10 11:56:01,46,47,4252,7593
2023-10-10 11:56:12,46,48,4252,7593
2023-10-10 11:56:21,47,48,4252,7593
2023-10-10 11:57:06,47,49,4252,7593
2023-10-10 12:00:03,48,49,4252,7593
2023-10-10 12:00:29,48,50,4252,7593
2023-10-10 12:01:09,47,50,4252,7593
2023-10-10 12:01:26,47,49,4252,7593
2023-10-10 12:01:28,47,50,4252,7593
2023-10-10 12:01:29,47,49,4252,7593
2023-10-10 12:02:05,47,50,4252,7593
2023-10-10 12:02:45,48,50,4252,7593
2023-10-10 12:07:28,48,50,4807,8148
2023-10-10 12:07:32,48,49,4807,8148
2023-10-10 12:08:41,47,49,4807,8148
2023-10-10 12:08:41,47,50,4807,8148
2023-10-10 12:08:41,47,48,4807,8148
2023-10-10 12:09:11,47,48,4807,8348
2023-10-10 12:10:30,48,50,4807,8503
2023-10-10 12:12:10,48,50,4827,8523
2023-10-10 12:12:11,47,50,4827,8523
2023-10-10 12:12:16,48,50,4827,8523
2023-10-10 12:12:32,49,50,4827,8523
2023-10-10 12:13:19,49,51,4827,8523
2023-10-10 12:13:20,49,51,4827,8931
2023-10-10 12:13:45,49,50,4827,8931
2023-10-10 12:14:25,49,50,4827,8991
2023-10-10 12:14:27,49,50,4827,9081
2023-10-10 12:15:30,49,50,4827,9201
2023-10-10 12:16:17,49,51,4907,9281
2023-10-10 12:21:07,49,52,5307,9881
2023-10-10 12:21:08,50,52,5307,9881
2023-10-10 12:21:08,50,51,5307,9881
2023-10-10 12:21:15,49,51,5307,9881
2023-10-10 12:21:51,50,51,5307,9881
2023-10-10 12:22:37,50,51,5107,10081
2023-10-10 12:22:44,49,51,4907,10281
2023-10-10 12:22:44,48,51,4907,10281
2023-10-10 12:22:46,48,50,4907,10281
2023-10-10 12:22:53,49,50,4907,10281
2023-10-10 12:23:03,49,51,4907,10281
2023-10-10 12:23:05,49,50,4907,10281
2023-10-10 12:23:06,49,51,4907,10281
2023-10-10 12:23:07,49,50,4907,10281
2023-10-10 12:23:17,49,51,4907,10281
2023-10-10 12:24:03,49,52,4907,10281
2023-10-10 12:24:27,49,51,4907,10281
2023-10-10 12:24:31,49,52,4907,10281
2023-10-10 12:24:32,49,51,4907,10281
2023-10-10 12:24:44,49,52,4907,10281
2023-10-10 12:25:00,51,52,4907,10281
2023-10-10 12:25:57,50,52,4907,10281
2023-10-10 12:27:00,50,52,4907,10284
2023-10-10 12:27:09,51,52,4907,10284
2023-10-10 12:27:31,51,53,4907,10681
2023-10-10 12:29:02,51,52,4907,10681
2023-10-10 12:29:04,51,53,4907,10681
2023-10-10 12:30:47,51,52,4907,10681
2023-10-10 12:31:03,51,53,4907,10681
2023-10-10 12:35:33,51,52,4907,10681
2023-10-10 12:35:34,51,53,4907,10681
2023-10-10 12:35:38,51,52,4907,10681
2023-10-10 12:36:22,50,52,4907,10681
2023-10-10 12:36:24,49,52,4907,10681
2023-10-10 12:37:41,49,51,4907,10681
2023-10-10 12:38:01,49,52,4907,10681
2023-10-10 12:38:50,50,52,4907,10681
2023-10-10 12:39:26,50,53,4907,10681
2023-10-10 12:39:48,50,52,4907,10681
2023-10-10 12:39:50,50,53,4907,10681
2023-10-10 12:40:39,51,53,4907,10681
2023-10-10 12:40:53,50,53,4907,10681
2023-10-10 12:41:16,50,52,4907,10681
2023-10-10 12:41:21,49,52,4907,10681
2023-10-10 12:41:23,50,52,4907,10681
2023-10-10 12:41:24,49,52,4907,10681
2023-10-10 12:41:35,50,52,4907,10681
2023-10-10 12:41:36,49,52,4907,10681
2023-10-10 12:41:42,50,52,4907,10681
2023-10-10 12:41:55,49,52,4907,10681
2023-10-10 12:42:26,49,51,4907,10681
2023-10-10 12:43:30,49,50,4907,10681
2023-10-10 12:43:44,48,50,4907,10681
2023-10-10 12:43:52,48,50,4907,10945
2023-10-10 12:43:52,48,49,4907,10945
2023-10-10 12:44:06,48,50,4907,10945
2023-10-10 12:44:15,49,50,4907,10945
2023-10-10 12:46:17,50,52,4907,11009
2023-10-10 12:46:41,50,52,5129,11231
2023-10-10 12:47:39,50,51,5129,11231
2023-10-10 12:48:14,50,51,5129,11291
2023-10-10 12:48:31,50,51,5104,11316
2023-10-10 12:48:37,50,51,5079,11341
2023-10-10 12:48:59,50,51,5079,11401
2023-10-10 12:49:11,49,50,5027,11453
2023-10-10 12:49:11,48,50,5027,11453
2023-10-10 12:49:13,48,51,5027,11453
2023-10-10 12:49:20,48,50,5027,11453
2023-10-10 12:49:31,48,51,5027,11453
2023-10-10 12:49:32,48,50,5027,11453
2023-10-10 12:49:36,48,51,5027,11453
2023-10-10 12:49:40,48,50,5027,11453
2023-10-10 12:49:41,48,51,5027,11453
2023-10-10 12:49:59,48,50,5027,11453
2023-10-10 12:50:07,48,51,5027,11453
2023-10-10 12:50:54,49,51,5027,11453
2023-10-10 12:50:56,49,52,5027,11453
2023-10-10 12:51:32,50,52,5027,11453
2023-10-10 12:51:46,50,53,5027,11453
2023-10-10 12:52:17,51,53,5027,11453
2023-10-10 12:54:25,51,52,5027,11453
2023-10-10 12:54:42,51,53,5027,11453
2023-10-10 12:55:44,51,52,5027,11453
2023-10-10 12:55:47,50,52,5027,11453
2023-10-10 12:55:59,50,51,5027,11453
2023-10-10 12:55:59,49,51,5027,11453
2023-10-10 12:56:34,48,51,5027,11453
2023-10-10 12:56:43,49,51,5027,11453
2023-10-10 12:57:43,49,52,5027,11453
2023-10-10 12:57:51,49,51,5027,11453
2023-10-10 12:57:56,49,52,5027,11453
2023-10-10 12:57:57,49,51,5027,11453
2023-10-10 12:58:16,49,52,5027,11453
2023-10-10 12:58:23,49,51,5027,11453
2023-10-10 12:58:28,49,52,5027,11453
2023-10-10 12:58:32,49,51,5027,11453
2023-10-10 12:58:42,48,51,5027,11453
2023-10-10 12:58:56,49,51,5027,11453
2023-10-10 12:59:17,49,52,5027,11453
2023-10-10 12:59:23,50,52,5027,11453
2023-10-10 12:59:43,49,52,5027,11453
2023-10-10 12:59:55,50,52,5027,11453
2023-10-10 13:00:07,49,52,5027,11453
2023-10-10 13:00:28,49,51,5027,11453
2023-10-10 13:01:06,48,51,5027,11453
2023-10-10 13:01:13,48,50,5027,11453
2023-10-10 13:01:46,48,49,5027,11453
2023-10-10 13:01:46,47,49,5027,11453
2023-10-10 13:02:21,48,49,5027,11453
2023-10-10 13:02:51,47,49,5027,11453
2023-10-10 13:03:32,47,49,5027,11678
2023-10-10 13:03:33,47,48,5027,11678
2023-10-10 13:03:35,46,48,5027,11678
2023-10-10 13:04:23,46,48,4677,12278
2023-10-10 13:04:23,46,47,4677,12278
2023-10-10 13:04:23,45,47,4812,12478
2023-10-10 13:04:23,43,47,4812,12478
2023-10-10 13:04:24,44,47,4812,12478
2023-10-10 13:04:25,44,45,4812,12478
2023-10-10 13:04:26,43,44,4812,12478
2023-10-10 13:04:26,42,44,4816,12482
2023-10-10 13:04:27,41,44,4816,12482
2023-10-10 13:04:27,40,43,4816,12482
2023-10-10 13:04:27,40,42,4816,12482
2023-10-10 13:04:28,40,41,4816,12482
2023-10-10 13:04:28,40,41,4813,12485
2023-10-10 13:04:29,40,41,4678,12932
2023-10-10 13:04:30,39,41,4678,12932
2023-10-10 13:04:30,39,40,4678,12932
2023-10-10 13:04:40,38,40,4678,12932
2023-10-10 13:04:40,38,39,4678,12932
2023-10-10 13:04:41,37,39,4678,12932
2023-10-10 13:04:43,37,38,4678,12932
2023-10-10 13:04:46,36,38,4678,12932
2023-10-10 13:04:48,37,38,4678,12932
2023-10-10 13:04:48,37,39,4678,12932
2023-10-10 13:04:49,36,39,4678,12932
2023-10-10 13:04:50,36,38,4678,12932
2023-10-10 13:04:57,35,38,4678,12932
2023-10-10 13:04:57,35,37,4678,12932
2023-10-10 13:04:58,34,37,4678,12932
2023-10-10 13:04:58,34,36,4678,12932
2023-10-10 13:04:59,34,35,4678,12932
2023-10-10 13:05:00,33,35,4678,12932
2023-10-10 13:05:01,33,34,4678,12932
2023-10-10 13:05:02,33,34,4753,13007
2023-10-10 13:05:06,32,34,4753,13007
2023-10-10 13:05:06,32,33,4753,13007
2023-10-10 13:05:12,31,33,4753,13007
2023-10-10 13:05:16,29,33,4753,13007
2023-10-10 13:05:16,29,32,4753,13012
2023-10-10 13:05:16,29,31,4753,13012
2023-10-10 13:05:17,29,30,4753,13012
2023-10-10 13:05:27,28,30,4753,13012
2023-10-10 13:05:27,28,29,4753,13012
2023-10-10 13:05:31,28,30,4753,13012
2023-10-10 13:05:32,29,30,4753,13012
2023-10-10 13:05:33,29,31,4753,13012
2023-10-10 13:05:34,28,31,4753,13012
2023-10-10 13:05:34,28,30,4753,13012
2023-10-10 13:05:36,29,30,4753,13012
2023-10-10 13:05:37,28,30,4753,13012
2023-10-10 13:05:37,29,30,4753,13012
2023-10-10 13:05:42,29,31,4753,13012
2023-10-10 13:05:43,29,30,4753,13012
2023-10-10 13:05:47,29,31,4753,13012
2023-10-10 13:05:52,29,30,4753,13012
2023-10-10 13:05:55,28,30,4753,13012
2023-10-10 13:05:57,28,29,4753,13012
2023-10-10 13:05:59,28,30,4753,13012
2023-10-10 13:06:01,28,29,4753,13012
2023-10-10 13:06:05,28,30,4753,13012
2023-10-10 13:06:05,28,31,4753,13012
2023-10-10 13:06:06,29,31,4753,13012
2023-10-10 13:06:07,29,30,4753,13012
2023-10-10 13:06:08,28,30,4753,13012
2023-10-10 13:06:12,29,30,4753,13012
2023-10-10 13:06:12,29,31,4753,13012
2023-10-10 13:06:13,28,31,4753,13012
2023-10-10 13:06:13,29,31,4753,13012
2023-10-10 13:06:23,29,32,4753,13012
2023-10-10 13:06:26,30,32,4753,13012
2023-10-10 13:06:28,30,33,4753,13012
2023-10-10 13:06:33,31,33,4753,13012
2023-10-10 13:06:34,31,34,4753,13012
2023-10-10 13:06:35,32,34,4753,13012
2023-10-10 13:06:40,33,34,4753,13012
2023-10-10 13:06:40,33,35,4753,13012
2023-10-10 13:06:45,33,34,4753,13012
2023-10-10 13:06:45,32,34,4753,13012
2023-10-10 13:06:46,32,33,4753,13012
2023-10-10 13:06:46,31,33,4753,13012
2023-10-10 13:06:56,32,33,4753,13012
2023-10-10 13:06:56,32,34,4753,13012
2023-10-10 13:07:15,32,35,4753,13012
2023-10-10 13:07:20,33,35,4753,13012
2023-10-10 13:07:23,33,36,4753,13012
2023-10-10 13:07:23,34,36,4753,13012
2023-10-10 13:07:32,33,36,4753,13012
2023-10-10 13:07:35,33,35,4753,13012
2023-10-10 13:07:41,33,36,4753,13012
2023-10-10 13:07:47,33,35,4753,13012
2023-10-10 13:08:02,33,36,4753,13012
2023-10-10 13:08:16,33,35,4753,13012
2023-10-10 13:08:19,32,35,4753,13012
2023-10-10 13:08:22,31,35,4753,13012
2023-10-10 13:08:22,31,33,4753,13012
2023-10-10 13:08:23,30,33,4753,13212
2023-10-10 13:08:23,30,32,4753,13212
2023-10-10 13:08:28,29,32,4753,13212
2023-10-10 13:08:28,29,31,4753,13212
2023-10-10 13:08:29,29,30,4753,13212
2023-10-10 13:08:33,29,30,4873,13332
2023-10-10 13:08:34,28,30,4873,13412
2023-10-10 13:08:35,27,30,4873,13412
2023-10-10 13:08:36,28,30,4873,13412
2023-10-10 13:09:03,28,31,4873,13412
2023-10-10 13:09:19,28,30,4873,13412
2023-10-10 13:09:19,27,30,4873,13412
2023-10-10 13:09:21,27,29,4873,13412
2023-10-10 13:09:30,27,30,4873,13412
2023-10-10 13:09:43,27,29,4873,13412
2023-10-10 13:09:45,27,30,4873,13412
2023-10-10 13:09:52,28,30,4873,13412
2023-10-10 13:09:53,28,31,4873,13412
2023-10-10 13:10:10,29,31,4873,13412
2023-10-10 13:10:11,29,32,4873,13412
2023-10-10 13:10:20,30,32,4873,13412
2023-10-10 13:10:25,29,32,4873,13412
2023-10-10 13:10:27,30,32,4873,13412
2023-10-10 13:10:35,30,33,4873,13412
2023-10-10 13:10:44,31,33,4873,13412
2023-10-10 13:10:46,30,33,4873,13412
2023-10-10 13:10:54,31,33,4873,13412
2023-10-10 13:10:56,30,33,4873,13412
2023-10-10 13:11:10,30,32,4873,13412
2023-10-10 13:11:17,29,32,4873,13412
2023-10-10 13:11:27,30,32,4873,13412
2023-10-10 13:11:38,30,33,4873,13412
2023-10-10 13:11:40,30,32,4873,13412
2023-10-10 13:11:43,29,32,4873,13412
2023-10-10 13:11:48,29,31,4873,13412
2023-10-10 13:11:51,28,31,4873,13412
2023-10-10 13:12:04,28,30,4873,13412
2023-10-10 13:12:04,27,30,4873,13412
2023-10-10 13:12:07,27,29,4873,13412
2023-10-10 13:12:11,27,30,4873,13412
2023-10-10 13:12:18,27,29,4873,13412
2023-10-10 13:12:20,27,30,4873,13412
2023-10-10 13:12:29,27,29,4873,13412
2023-10-10 13:12:34,26,29,4873,13412
2023-10-10 13:12:35,26,28,4873,13412
2023-10-10 13:12:37,26,27,4873,13412
2023-10-10 13:12:38,25,27,4873,13412
2023-10-10 13:12:39,24,27,4873,13412
2023-10-10 13:12:39,24,26,4873,13412
2023-10-10 13:12:40,24,25,4873,13412
2023-10-10 13:12:41,23,25,4873,13412
2023-10-10 13:12:56,24,25,4873,13412
2023-10-10 13:12:56,24,26,4873,13412
2023-10-10 13:13:08,24,27,4873,13412
2023-10-10 13:13:13,24,26,4873,13412
2023-10-10 13:13:15,23,26,4873,13412
2023-10-10 13:13:17,23,25,4873,13412
2023-10-10 13:13:19,23,26,4873,13412
2023-10-10 13:13:21,24,26,4873,13412
2023-10-10 13:13:25,23,24,4873,13612
2023-10-10 13:13:27,23,24,4873,13812
2023-10-10 13:13:32,23,24,4870,13815
2023-10-10 13:13:32,23,24,4870,14065
2023-10-10 13:13:33,23,24,4870,14265
2023-10-10 13:13:37,23,24,4810,14325
2023-10-10 13:13:37,23,24,4810,14575
2023-10-10 13:13:38,23,24,4750,14635
2023-10-10 13:13:40,24,27,4750,14712
2023-10-10 13:13:41,25,27,4750,14712
2023-10-10 13:13:43,25,26,4750,14712
2023-10-10 13:13:43,24,26,4750,14712
2023-10-10 13:13:57,23,26,4750,14712
2023-10-10 13:14:01,23,25,4750,14712
2023-10-10 13:14:13,23,24,4750,14712
2023-10-10 13:14:14,22,24,4750,14712
2023-10-10 13:14:19,22,25,4750,14712
2023-10-10 13:14:21,23,25,4750,14712
2023-10-10 13:14:25,22,25,4750,14712
2023-10-10 13:14:52,22,24,4750,14712
2023-10-10 13:15:03,22,23,4750,14712
2023-10-10 13:15:03,21,23,4750,14712
2023-10-10 13:15:03,20,23,4750,14712
2023-10-10 13:15:03,20,22,4750,14712
2023-10-10 13:15:04,20,21,4750,14712
2023-10-10 13:15:06,19,21,4750,14712
2023-10-10 13:15:30,19,22,4750,14712
2023-10-10 13:15:39,20,22,4750,14712
2023-10-10 13:15:40,20,23,4750,14712
2023-10-10 13:15:41,21,23,4750,14712
2023-10-10 13:15:42,22,23,4750,14712
2023-10-10 13:15:42,22,24,4750,14712
2023-10-10 13:15:43,21,24,4750,14712
2023-10-10 13:15:45,22,24,4750,14712
2023-10-10 13:15:51,21,24,4750,14712
2023-10-10 13:15:53,22,24,4750,14712
2023-10-10 13:15:56,22,25,4750,14712
2023-10-10 13:16:09,23,25,4750,14712
2023-10-10 13:16:12,23,24,4750,14712
2023-10-10 13:16:12,22,24,4750,14712
2023-10-10 13:16:28,22,25,4750,14712
2023-10-10 13:16:28,23,25,4750,14712
2023-10-10 13:16:31,22,25,4750,14712
2023-10-10 13:16:33,23,25,4750,14712
2023-10-10 13:16:44,23,26,4750,14712
2023-10-10 13:16:47,24,26,4750,14712
2023-10-10 13:17:11,23,26,4750,14712
2023-10-10 13:17:26,23,25,4750,14712
2023-10-10 13:17:27,22,25,4750,14712
2023-10-10 13:17:29,22,24,4750,14712
2023-10-10 13:17:45,22,25,4750,14712
2023-10-10 13:17:55,22,25,4195,15267
2023-10-10 13:17:56,23,25,4195,15267
2023-10-10 13:17:57,23,26,4195,15267
2023-10-10 13:18:04,24,26,4195,15267
2023-10-10 13:18:05,24,27,4195,15267
2023-10-10 13:18:14,25,27,4195,15267
2023-10-10 13:18:15,25,28,4195,15267
2023-10-10 13:18:57,26,28,4195,15267
2023-10-10 13:19:03,25,28,4195,15267
2023-10-10 13:19:10,26,28,4195,15267
2023-10-10 13:19:18,25,28,4195,15267
2023-10-10 13:19:38,25,27,4195,15267
2023-10-10 13:19:52,25,28,4195,15267
2023-10-10 13:20:14,25,27,4195,15267
2023-10-10 13:20:15,24,27,4195,15267
2023-10-10 13:20:17,25,27,4195,15267
2023-10-10 13:20:17,25,28,4195,15267
2023-10-10 13:20:22,26,28,4195,15267
2023-10-10 13:20:34,27,28,4195,15267
2023-10-10 13:20:35,27,29,4195,15267
2023-10-10 13:20:47,27,30,4195,15267
2023-10-10 13:20:47,28,30,4195,15267
2023-10-10 13:20:51,28,31,4195,15267
2023-10-10 13:20:52,29,31,4195,15267
2023-10-10 13:20:55,30,31,4195,15267
2023-10-10 13:20:57,30,32,4195,15267
2023-10-10 13:21:25,30,31,4195,15267
2023-10-10 13:21:25,29,31,4195,15267
2023-10-10 13:21:25,28,31,4195,15267
2023-10-10 13:21:26,28,30,4195,15267
2023-10-10 13:21:36,28,31,4195,15267
2023-10-10 13:21:49,28,30,4195,15267
2023-10-10 13:21:49,27,30,4195,15267
2023-10-10 13:21:52,27,29,4195,15267
2023-10-10 13:22:22,27,28,4195,15267
2023-10-10 13:22:28,26,28,4195,15267
2023-10-10 13:22:33,26,29,4195,15267
2023-10-10 13:22:57,27,29,4195,15267
2023-10-10 13:22:58,27,30,4195,15267
2023-10-10 13:22:58,28,30,4195,15267
2023-10-10 13:22:59,28,31,4195,15267
2023-10-10 13:23:02,28,30,4195,15267
2023-10-10 13:23:03,28,31,4195,15267
2023-10-10 13:23:15,28,30,4195,15267
2023-10-10 13:23:28,28,31,4195,15267
2023-10-10 13:23:30,28,30,4195,15267
2023-10-10 13:24:13,28,29,4195,15267
2023-10-10 13:24:14,26,29,4195,15267
2023-10-10 13:24:20,26,28,4195,15267
2023-10-10 13:24:34,26,29,4195,15267
2023-10-10 13:24:37,27,29,4195,15267
2023-10-10 13:24:39,27,30,4195,15267
2023-10-10 13:24:46,27,29,4195,15267
2023-10-10 13:24:48,26,29,4195,15267
2023-10-10 13:24:59,27,29,4195,15267
2023-10-10 13:25:00,26,29,4195,15267
2023-10-10 13:25:06,27,29,4195,15267
2023-10-10 13:25:09,26,29,4195,15267
2023-10-10 13:25:16,26,28,4195,15267
2023-10-10 13:25:47,25,28,4195,15267
2023-10-10 13:25:47,25,27,4195,15267
2023-10-10 13:26:07,25,28,4195,15267
2023-10-10 13:26:11,26,28,4195,15267
2023-10-10 13:26:14,25,28,4195,15267
2023-10-10 13:26:16,25,27,4195,15267
2023-10-10 13:26:35,25,28,4195,15267
2023-10-10 13:26:42,25,29,4195,15267
2023-10-10 13:26:42,26,29,4195,15267
2023-10-10 13:26:45,26,28,4195,15267
2023-10-10 13:26:47,25,28,4195,15267
2023-10-10 13:27:04,25,29,4195,15267
2023-10-10 13:27:04,26,29,4195,15267
2023-10-10 13:27:15,26,28,4195,15267
2023-10-10 13:27:15,25,28,4195,15267
2023-10-10 13:27:19,25,27,4195,15267
2023-10-10 13:27:39,24,27,4195,15267
2023-10-10 13:27:51,24,27,4195,15267
2023-10-10 13:27:51,25,27,4195,15267
2023-10-10 13:27:55,25,28,4195,15267
2023-10-10 13:28:06,26,28,4195,15267
2023-10-10 13:28:08,25,28,4195,15267
2023-10-10 13:28:19,26,28,4195,15267
2023-10-10 13:28:20,26,29,4195,15267
2023-10-10 13:28:21,25,29,4195,15267
2023-10-10 13:28:21,25,28,4195,15267
2023-10-10 13:28:32,26,28,4195,15267
2023-10-10 13:28:32,26,29,4195,15267
2023-10-10 13:29:03,26,28,4195,15267
2023-10-10 13:29:03,25,28,4195,15267
2023-10-10 13:29:10,26,28,4195,15267
2023-10-10 13:29:12,26,29,4195,15267
2023-10-10 13:29:14,26,28,4195,15267
2023-10-10 13:29:17,25,28,4195,15267
2023-10-10 13:29:23,26,28,4195,15267
2023-10-10 13:29:26,26,29,4195,15267
2023-10-10 13:29:32,27,29,4195,15267
2023-10-10 13:29:32,27,30,4195,15267
2023-10-10 13:29:40,28,30,4195,15267
2023-10-10 13:29:56,28,31,4195,15267
2023-10-10 13:30:09,28,30,4195,15267
2023-10-10 13:30:10,27,30,4195,15267
2023-10-10 13:30:16,27,31,4195,15267
2023-10-10 13:30:16,28,31,4195,15267
2023-10-10 13:30:23,29,31,4195,15267
2023-10-10 13:30:27,28,31,4195,15267
2023-10-10 13:30:31,28,30,4195,15267
2023-10-10 13:30:34,28,31,4195,15267
2023-10-10 13:30:50,29,31,4195,15267
2023-10-10 13:30:55,28,31,4195,15267
2023-10-10 13:30:56,30,31,4195,15267
2023-10-10 13:30:56,30,31,4255,15327
2023-10-10 13:31:02,28,30,4255,15467
2023-10-10 13:31:06,27,30,4255,15467
2023-10-10 13:31:08,27,30,4255,15667
2023-10-10 13:31:09,28,30,4255,15667
2023-10-10 13:31:11,27,30,4255,15667
2023-10-10 13:31:15,27,29,4255,15667
2023-10-10 13:31:27,27,30,4255,15667
2023-10-10 13:31:28,27,29,4255,15667
2023-10-10 13:31:30,27,30,4255,15667
2023-10-10 13:31:33,28,30,4255,15667
2023-10-10 13:31:40,27,30,4255,15667
2023-10-10 13:31:47,27,29,4255,15667
2023-10-10 13:32:25,26,29,4255,15667
2023-10-10 13:32:25,26,28,4255,15667
2023-10-10 13:32:27,26,27,4255,15667
2023-10-10 13:32:30,25,26,4255,15667
2023-10-10 13:32:40,24,26,4255,15667
2023-10-10 13:32:41,24,25,4255,15667
2023-10-10 13:32:45,23,25,4255,15867
2023-10-10 13:32:59,23,24,4255,15867
2023-10-10 13:33:00,22,24,4255,15867
2023-10-10 13:33:14,23,24,4255,15867
2023-10-10 13:33:14,23,25,4255,15867
2023-10-10 13:33:27,23,26,4255,15867
2023-10-10 13:33:37,23,27,4255,15867
2023-10-10 13:33:38,24,27,4255,15867
2023-10-10 13:33:43,25,27,4255,15867
2023-10-10 13:33:46,25,28,4255,15867
2023-10-10 13:34:27,25,27,4255,15867
2023-10-10 13:34:29,24,27,4255,15867
2023-10-10 13:34:30,24,26,4255,15867
2023-10-10 13:34:42,23,26,4255,15867
2023-10-10 13:34:50,24,26,4255,15867
2023-10-10 13:35:06,24,27,4255,15867
2023-10-10 13:35:08,25,27,4255,15867
2023-10-10 13:35:08,25,28,4255,15867
2023-10-10 13:35:21,25,29,4255,15867
2023-10-10 13:35:23,26,29,4255,15867
2023-10-10 13:35:35,26,28,4255,15867
2023-10-10 13:35:36,26,28,4235,15887
2023-10-10 13:35:52,26,29,4235,15887
2023-10-10 13:36:03,26,28,4235,15887
2023-10-10 13:36:09,26,29,4235,15887
2023-10-10 13:36:12,26,28,4235,15887
2023-10-10 13:36:15,25,28,4235,15887
2023-10-10 13:36:22,25,27,4235,15887
2023-10-10 13:36:23,24,27,4235,15887
2023-10-10 13:36:25,25,27,4235,15887
2023-10-10 13:36:31,25,28,4235,15887
2023-10-10 13:37:41,25,29,4235,15887
2023-10-10 13:37:44,26,29,4235,15887
2023-10-10 13:37:47,27,29,4235,15887
2023-10-10 13:37:47,27,29,4235,15987
2023-10-10 13:37:48,27,30,4235,15987
2023-10-10 13:37:49,28,30,4235,15987
2023-10-10 13:37:57,28,31,4235,15987
2023-10-10 13:37:57,29,31,4235,15987
2023-10-10 13:38:04,28,31,4235,15987
2023-10-10 13:38:09,29,31,4235,15987
2023-10-10 13:38:17,28,31,4235,15987
2023-10-10 13:38:26,28,30,4235,15987
2023-10-10 13:38:26,28,30,4556,16308
2023-10-10 13:38:27,28,31,4556,16308
2023-10-10 13:38:27,29,30,4556,16308
2023-10-10 13:38:27,27,30,4556,16308
2023-10-10 13:38:27,28,30,4556,16308
2023-10-10 13:38:32,29,30,4556,16308
2023-10-10 13:38:36,27,30,4556,16308
2023-10-10 13:38:36,28,30,4556,16308
2023-10-10 13:38:48,28,30,4356,16508
2023-10-10 13:38:48,26,29,4356,16508
2023-10-10 13:38:48,26,28,4356,16508
2023-10-10 13:38:48,27,28,4356,16508
2023-10-10 13:39:29,26,28,4356,16508
2023-10-10 13:39:29,26,27,4356,16508
2023-10-10 13:39:47,27,28,4476,16628
2023-10-10 13:39:53,27,30,4476,16749
2023-10-10 13:40:16,27,31,4476,16749
2023-10-10 13:40:20,29,31,4476,16749
2023-10-10 13:40:20,29,31,4532,16805
2023-10-10 13:40:30,28,31,4676,16949
2023-10-10 13:40:31,27,31,4676,16949
2023-10-10 13:40:31,27,30,4676,16949
2023-10-10 13:40:39,28,30,4676,16949
2023-10-10 13:40:39,28,31,4676,16949
2023-10-10 13:40:48,27,31,4676,16949
2023-10-10 13:40:51,28,31,4676,16949
2023-10-10 13:40:59,27,31,4676,16949
2023-10-10 13:41:03,28,31,4676,16949
2023-10-10 13:41:30,28,30,4676,16949
2023-10-10 13:41:33,27,30,4676,16949
2023-10-10 13:41:34,27,30,4944,17217
2023-10-10 13:41:35,27,29,4944,17217
2023-10-10 13:41:36,27,30,4944,17217
2023-10-10 13:41:39,28,30,4944,17217
2023-10-10 13:41:48,28,30,5113,17386
2023-10-10 13:41:48,28,29,5113,17386
2023-10-10 13:41:48,27,29,5113,17386
2023-10-10 13:43:22,27,30,5143,17585
2023-10-10 13:43:23,27,31,5143,17585
2023-10-10 13:43:23,28,31,5143,17585
2023-10-10 13:43:40,28,30,5143,17585
2023-10-10 13:43:41,27,30,5143,17585
2023-10-10 13:43:45,29,30,5143,17585
2023-10-10 13:44:04,29,31,5143,17585
2023-10-10 13:44:11,30,31,5143,17585
2023-10-10 13:44:12,30,32,5143,17585
2023-10-10 13:44:21,29,32,5143,17585
2023-10-10 13:44:33,30,32,5143,17585
2023-10-10 13:44:36,31,32,5143,17585
2023-10-10 13:44:38,31,33,5143,17585
2023-10-10 13:44:44,32,33,5143,17585
2023-10-10 13:44:47,32,34,5143,17785
2023-10-10 13:45:04,31,34,5143,17785
2023-10-10 13:45:27,32,34,5143,17785
2023-10-10 13:45:31,33,34,5143,17785
2023-10-10 13:45:40,31,34,5143,17785
2023-10-10 13:45:42,30,34,5143,17785
2023-10-10 13:45:43,30,33,5143,17785
2023-10-10 13:45:43,30,32,5143,17785
2023-10-10 13:45:43,29,32,5143,17785
2023-10-10 13:45:44,29,31,5143,17785
2023-10-10 13:45:47,29,32,5143,17785
2023-10-10 13:45:53,29,31,5143,17785
2023-10-10 13:45:57,29,31,5143,17795
2023-10-10 13:46:01,29,32,5143,17795
2023-10-10 13:46:36,29,33,5143,17795
2023-10-10 13:46:39,30,33,5143,17795
2023-10-10 13:46:40,29,33,5143,17795
2023-10-10 13:46:41,30,33,5143,17795
2023-10-10 13:46:51,30,32,5143,17795
2023-10-10 13:46:51,29,32,5143,17795
2023-10-10 13:47:05,29,31,5143,17795
2023-10-10 13:47:09,29,32,5143,17795
2023-10-10 13:47:13,29,31,5143,17795
2023-10-10 13:47:22,29,32,5143,17795
2023-10-10 13:47:47,29,31,5143,17795
2023-10-10 13:47:50,28,31,5143,17795
2023-10-10 13:48:46,29,31,5143,17795
2023-10-10 13:48:51,30,32,5143,17795
2023-10-10 13:48:51,30,33,5143,17795
2023-10-10 13:48:53,30,34,5143,17795
2023-10-10 13:48:53,30,33,5143,17795
2023-10-10 13:48:55,30,34,5143,17795
2023-10-10 13:48:55,31,34,5143,17795
2023-10-10 13:48:57,32,34,5143,17795
2023-10-10 13:49:01,31,34,5143,17795
2023-10-10 13:49:07,31,33,5143,17795
2023-10-10 13:49:07,30,33,5143,17795
2023-10-10 13:49:55,31,33,5143,17795
2023-10-10 13:50:26,29,33,5143,17795
2023-10-10 13:50:27,29,32,5143,17795
2023-10-10 13:50:34,28,32,5143,17795
2023-10-10 13:50:35,28,31,5143,17795
2023-10-10 13:50:36,28,32,5143,17795
2023-10-10 13:50:42,29,32,5143,17795
2023-10-10 13:50:59,29,33,5143,17795
2023-10-10 13:51:00,30,33,5143,17795
2023-10-10 13:51:04,31,33,5143,17795
2023-10-10 13:51:04,31,34,5143,17795
2023-10-10 13:51:10,31,33,5143,17795
2023-10-10 13:51:11,30,33,5143,17795
2023-10-10 13:51:16,29,33,5143,17795
2023-10-10 13:51:17,29,32,5143,17795
2023-10-10 13:51:24,29,33,5143,17795
2023-10-10 13:51:24,30,33,5143,17795
2023-10-10 13:51:48,30,32,5143,17795
2023-10-10 13:51:48,29,32,5143,17795
2023-10-10 13:52:05,29,33,5143,17795
2023-10-10 13:52:09,29,32,5143,17795
2023-10-10 13:52:11,29,33,5143,17795
2023-10-10 13:52:12,29,32,5143,17795
2023-10-10 13:52:15,29,33,5143,17795
2023-10-10 13:52:18,30,33,5143,17795
2023-10-10 13:52:31,29,33,5143,17795
2023-10-10 13:52:32,29,32,5143,17795
2023-10-10 13:52:33,29,33,5143,17795
2023-10-10 13:52:34,29,32,5143,17795
2023-10-10 13:52:39,29,31,5143,17795
2023-10-10 13:52:39,28,31,5143,17795
2023-10-10 13:52:42,28,30,5143,17795
2023-10-10 13:52:42,27,30,5143,17795
2023-10-10 13:52:44,27,29,5143,17795
2023-10-10 13:52:47,27,28,5143,17795
2023-10-10 13:52:48,25,28,5143,17795
2023-10-10 13:52:48,25,27,5143,17795
2023-10-10 13:52:48,25,26,5143,17795
2023-10-10 13:52:49,23,26,5143,17795
2023-10-10 13:52:49,23,24,5143,17795
2023-10-10 13:52:50,23,25,5143,17795
2023-10-10 13:52:58,23,24,5143,17795
2023-10-10 13:53:06,23,25,5143,17795
2023-10-10 13:53:07,24,25,5143,17795
2023-10-10 13:53:07,24,25,5172,17824
2023-10-10 13:53:16,24,26,5172,17824
2023-10-10 13:53:17,24,25,5172,17824
2023-10-10 13:53:20,25,26,5196,17848
2023-10-10 13:53:22,24,26,5196,17848
2023-10-10 13:53:26,25,26,5196,17848
2023-10-10 13:53:27,25,27,5196,17848
2023-10-10 13:53:40,26,27,5196,17848
2023-10-10 13:53:40,26,28,5196,17848
2023-10-10 13:53:43,26,29,5196,17848
2023-10-10 13:53:44,26,28,5196,17848
2023-10-10 13:54:00,28,29,5224,17876
2023-10-10 13:54:00,28,30,5224,17876
2023-10-10 13:54:01,29,30,5224,17876
2023-10-10 13:54:01,29,31,5224,17876
2023-10-10 13:54:04,28,31,5224,17876
2023-10-10 13:54:05,29,31,5224,17876
2023-10-10 13:54:05,29,30,5224,17876
2023-10-10 13:54:08,30,31,5251,17903
2023-10-10 13:54:08,30,32,5251,17903
2023-10-10 13:54:21,29,32,5251,17903
2023-10-10 13:54:21,29,31,5251,17903
2023-10-10 13:54:22,28,31,5251,17903
2023-10-10 13:54:23,28,30,5251,17903
2023-10-10 13:54:29,28,31,5251,17903
2023-10-10 13:54:33,29,31,5251,17903
2023-10-10 13:54:34,28,31,5251,17903
2023-10-10 13:55:00,29,31,5251,17903
2023-10-10 13:55:02,29,32,5251,17903
2023-10-10 13:55:03,29,31,5251,17903
2023-10-10 13:55:08,29,32,5251,17903
2023-10-10 13:55:25,30,32,5251,17903
2023-10-10 13:55:26,31,32,5251,17903
2023-10-10 13:55:27,31,33,5251,17903
2023-10-10 13:55:31,31,34,5251,17903
2023-10-10 13:55:40,32,34,5251,17903
2023-10-10 13:56:09,32,35,5251,17903
2023-10-10 13:56:24,33,35,5251,17903
2023-10-10 13:56:35,32,35,5251,17903
2023-10-10 13:56:55,32,34,5251,17903
2023-10-10 13:56:57,31,34,5251,17903
2023-10-10 13:57:10,32,34,5251,17903
2023-10-10 13:57:17,32,35,5251,17903
2023-10-10 13:57:51,33,35,5251,17903
2023-10-10 13:57:57,32,35,5251,17903
2023-10-10 13:58:00,33,35,5251,17903
2023-10-10 13:58:01,32,35,5251,17903
2023-10-10 13:58:02,33,35,5251,17903
2023-10-10 13:58:03,32,35,5251,17903
2023-10-10 13:58:04,33,35,5251,17903
2023-10-10 13:58:05,32,35,5251,17903
2023-10-10 13:58:08,33,35,5251,17903
2023-10-10 13:58:12,32,35,5251,17903
2023-10-10 13:58:33,32,34,5251,17903
2023-10-10 13:58:35,31,34,5251,17903
2023-10-10 13:58:37,32,34,5251,17903
2023-10-10 13:58:38,31,34,5251,17903
2023-10-10 13:58:53,31,33,5251,17903
2023-10-10 13:58:57,31,34,5251,17903
2023-10-10 13:58:58,31,33,5251,17903
2023-10-10 13:58:59,30,33,5251,17903
2023-10-10 13:59:01,30,32,5251,17903
2023-10-10 13:59:02,29,32,5251,17903
2023-10-10 14:00:11,29,31,5251,17903
2023-10-10 14:00:31,29,32,5251,17903
2023-10-10 14:00:34,29,31,5251,17903
2023-10-10 14:00:35,28,31,5251,17903
2023-10-10 14:00:37,28,31,5251,17903
2023-10-10 14:00:40,28,32,5251,17903
2023-10-10 14:00:41,29,32,5251,17903
2023-10-10 14:00:41,29,33,5251,17903
2023-10-10 14:00:41,30,33,5251,17903
2023-10-10 14:00:48,30,34,5251,17903
2023-10-10 14:00:48,31,34,5251,17903
2023-10-10 14:00:52,31,33,5251,17903
2023-10-10 14:00:54,31,34,5251,17903
2023-10-10 14:00:58,30,34,5251,17903
2023-10-10 14:00:58,30,33,5251,17903
2023-10-10 14:00:59,29,33,5251,17903
2023-10-10 14:00:59,29,32,5251,17903
2023-10-10 14:00:59,28,31,5251,17903
2023-10-10 14:01:00,28,30,5251,17903
2023-10-10 14:01:10,28,31,5251,17903
2023-10-10 14:01:11,28,30,5251,17903
2023-10-10 14:01:18,28,31,5251,17903
2023-10-10 14:01:22,29,31,5251,17903
2023-10-10 14:01:22,29,32,5251,17903
2023-10-10 14:01:23,30,32,5251,17903
2023-10-10 14:01:23,30,33,5251,17903
2023-10-10 14:01:24,30,32,5251,17903
2023-10-10 14:01:30,30,33,5251,17903
2023-10-10 14:01:33,30,32,5251,17903
2023-10-10 14:01:35,29,32,5251,17903
2023-10-10 14:01:36,29,33,5251,17903
2023-10-10 14:01:39,30,33,5251,17903
2023-10-10 14:01:47,30,34,5251,17903
2023-10-10 14:01:47,31,34,5251,17903
2023-10-10 14:01:52,32,34,5251,17903
2023-10-10 14:01:53,32,35,5251,17903
2023-10-10 14:02:04,32,34,5251,17903
2023-10-10 14:02:06,31,34,5251,17903
2023-10-10 14:02:21,30,34,5251,17903
2023-10-10 14:02:31,29,33,5251,17903
2023-10-10 14:02:34,29,32,5251,17903
2023-10-10 14:02:35,29,33,5251,17903
2023-10-10 14:02:43,29,32,5251,17903
2023-10-10 14:02:47,28,32,5251,17903
2023-10-10 14:02:49,28,31,5251,17903
2023-10-10 14:02:58,29,31,5251,17903
2023-10-10 14:02:58,29,32,5251,17903
2023-10-10 14:03:23,28,32,5251,17903
2023-10-10 14:03:28,28,31,5251,17903
2023-10-10 14:03:39,28,32,5251,17903
2023-10-10 14:03:42,29,32,5251,17903
2023-10-10 14:03:43,28,32,5251,17903
2023-10-10 14:03:47,29,32,5251,17903
2023-10-10 14:03:49,28,32,5251,17903
2023-10-10 14:03:52,28,31,5251,17903
2023-10-10 14:03:56,28,32,5251,17903
2023-10-10 14:03:59,28,31,5251,17903
2023-10-10 14:04:18,28,32,5251,17903
2023-10-10 14:04:19,29,32,5251,17903
2023-10-10 14:04:21,29,33,5251,17903
2023-10-10 14:04:27,29,32,5251,17903
2023-10-10 14:04:33,29,33,5251,17903
2023-10-10 14:04:35,29,32,5251,17903
2023-10-10 14:04:36,29,33,5251,17903
2023-10-10 14:04:42,30,33,5251,17903
2023-10-10 14:04:44,30,34,5251,17903
2023-10-10 14:04:53,31,34,5251,17903
2023-10-10 14:04:54,31,35,5251,17903
2023-10-10 14:04:55,33,35,5251,17903
2023-10-10 14:05:09,31,35,5251,17903
2023-10-10 14:05:13,31,34,5251,17903
2023-10-10 14:05:20,30,34,5251,17903
2023-10-10 14:05:23,31,34,5251,17903
2023-10-10 14:05:28,30,34,5251,17903
2023-10-10 14:05:36,30,33,5251,17903
2023-10-10 14:05:44,29,33,5251,17903
2023-10-10 14:05:47,30,33,5251,17903
2023-10-10 14:05:48,30,31,5251,17903
2023-10-10 14:05:48,28,31,5251,17903
2023-10-10 14:05:49,28,30,5251,17903
2023-10-10 14:05:53,28,29,5251,17903
2023-10-10 14:05:53,27,29,5251,17903
2023-10-10 14:06:00,27,30,5251,17903
2023-10-10 14:06:07,27,31,5251,17903
2023-10-10 14:06:17,28,31,5251,17903
2023-10-10 14:06:18,29,31,5251,17903
2023-10-10 14:06:18,29,32,5251,17903
2023-10-10 14:06:28,29,31,5251,17903
2023-10-10 14:06:30,28,31,5251,17903
2023-10-10 14:06:34,28,32,5251,17903
2023-10-10 14:06:37,29,32,5251,17903
2023-10-10 14:06:39,28,32,5251,17903
2023-10-10 14:06:40,29,32,5251,17903
2023-10-10 14:06:46,29,33,5251,17903
2023-10-10 14:07:08,29,32,5251,17903
2023-10-10 14:07:10,29,33,5251,17903
2023-10-10 14:07:11,29,32,5251,17903
2023-10-10 14:07:16,28,32,5251,17903
2023-10-10 14:07:17,28,31,5251,17903
2023-10-10 14:07:20,28,32,5251,17903
2023-10-10 14:07:31,29,32,5251,17903
2023-10-10 14:07:41,29,31,5251,17903
2023-10-10 14:07:41,28,31,5251,17903
2023-10-10 14:07:44,28,30,5251,17903
2023-10-10 14:07:44,27,30,5251,17903
2023-10-10 14:07:59,27,30,5253,17905
2023-10-10 14:08:00,27,31,5253,17905
2023-10-10 14:08:04,28,31,5253,17905
2023-10-10 14:08:12,29,31,5253,17905
2023-10-10 14:08:12,29,32,5253,17905
2023-10-10 14:08:21,28,32,5253,17905
2023-10-10 14:08:22,28,31,5253,17905
2023-10-10 14:08:23,28,32,5253,17905
2023-10-10 14:08:29,28,31,5253,17905
2023-10-10 14:08:39,28,32,5253,17905
2023-10-10 14:08:43,28,31,5253,17905
2023-10-10 14:08:45,28,32,5253,17905
2023-10-10 14:08:54,28,31,5253,17905
2023-10-10 14:08:56,28,32,5253,17905
2023-10-10 14:08:57,28,31,5253,17905
2023-10-10 14:09:18,28,30,5253,17905
2023-10-10 14:09:25,27,30,5253,17905
2023-10-10 14:09:41,27,29,5253,17905
2023-10-10 14:09:48,26,29,5253,17905
2023-10-10 14:09:48,26,28,5253,17905
2023-10-10 14:09:51,26,27,5253,17905
2023-10-10 14:09:51,25,27,5253,17905
2023-10-10 14:09:53,25,27,5313,17965
2023-10-10 14:10:07,25,28,5313,17965
2023-10-10 14:10:14,25,27,5313,17965
2023-10-10 14:10:15,24,27,5313,17965
2023-10-10 14:10:16,24,26,5313,17965
2023-10-10 14:10:27,24,27,5313,17965
2023-10-10 14:10:34,25,27,5313,17965
2023-10-10 14:10:34,25,27,5433,18085
2023-10-10 14:10:34,25,28,5433,18085
2023-10-10 14:10:35,24,28,5433,18085
2023-10-10 14:10:36,25,28,5433,18085
2023-10-10 14:10:48,24,28,5433,18285
2023-10-10 14:10:49,24,27,5433,18285
2023-10-10 14:10:50,25,27,5433,18285
2023-10-10 14:10:51,25,28,5433,18285
2023-10-10 14:10:57,24,28,5433,18285
2023-10-10 14:11:02,25,28,5433,18285
2023-10-10 14:11:06,24,28,5433,18285
2023-10-10 14:11:09,24,27,5433,18285
2023-10-10 14:11:24,24,28,5433,18285
2023-10-10 14:11:24,25,28,5433,18285
2023-10-10 14:11:34,26,28,5433,18285
2023-10-10 14:11:36,25,28,5433,18285
2023-10-10 14:11:37,26,28,5433,18285
2023-10-10 14:11:39,26,29,5433,18285
2023-10-10 14:12:50,25,29,5433,18285
2023-10-10 14:12:51,25,28,5433,18285
2023-10-10 14:12:53,25,29,5433,18285
2023-10-10 14:12:54,26,29,5433,18285
2023-10-10 14:12:59,25,29,5433,18285
2023-10-10 14:13:03,25,28,5433,18285
2023-10-10 14:13:03,24,28,5433,18285
2023-10-10 14:13:06,24,27,5433,18285
2023-10-10 14:13:09,24,28,5433,18285
2023-10-10 14:13:10,24,27,5433,18285
2023-10-10 14:13:38,24,26,5433,18285
2023-10-10 14:13:50,23,26,5433,18285
2023-10-10 14:13:52,23,25,5433,18285
2023-10-10 14:13:55,23,26,5433,18285
2023-10-10 14:13:56,23,25,5433,18285
2023-10-10 14:14:02,23,26,5433,18285
2023-10-10 14:14:03,23,25,5433,18285
2023-10-10 14:14:08,22,25,5433,18285
2023-10-10 14:14:09,22,24,5433,18285
2023-10-10 14:14:13,22,23,5433,18285
2023-10-10 14:14:13,21,23,5433,18285
2023-10-10 14:14:14,21,24,5433,18285
2023-10-10 14:14:20,21,23,5433,18285
2023-10-10 14:14:22,21,24,5433,18285
2023-10-10 14:14:27,21,23,5433,18285
2023-10-10 14:14:31,21,23,5406,18312
2023-10-10 14:14:38,20,23,5406,18312
2023-10-10 14:14:38,20,22,5406,18312
2023-10-10 14:14:38,20,22,5406,18645
2023-10-10 14:14:43,20,22,5406,18667
2023-10-10 14:14:54,19,22,5406,18667
2023-10-10 14:14:54,21,22,5406,18667
2023-10-10 14:14:57,19,22,5406,18667
2023-10-10 14:14:57,20,22,5406,18667
2023-10-10 14:14:59,20,21,5406,18667
2023-10-10 14:15:00,20,21,5379,18694
2023-10-10 14:15:03,18,20,5357,18716
2023-10-10 14:15:06,18,19,5357,18716
2023-10-10 14:15:10,17,19,5329,18744
2023-10-10 14:15:16,17,20,5329,18744
2023-10-10 14:15:17,18,20,5329,18744
2023-10-10 14:15:17,18,21,5329,18744
2023-10-10 14:15:33,18,20,5329,18744
2023-10-10 14:15:33,18,20,5295,18778
2023-10-10 14:15:39,17,20,5295,18778
2023-10-10 14:15:45,18,20,5295,18778
2023-10-10 14:15:46,18,21,5295,18778
2023-10-10 14:15:55,18,22,5295,18778
2023-10-10 14:15:55,19,22,5295,18778
2023-10-10 14:15:58,18,22,5295,18778
2023-10-10 14:15:58,18,21,5295,18778
2023-10-10 14:16:01,19,21,5295,18778
2023-10-10 14:16:01,19,22,5295,18778
2023-10-10 14:16:13,19,21,5295,18778
2023-10-10 14:16:27,19,21,5295,18778
2023-10-10 14:16:33,19,21,5295,18778
2023-10-10 14:16:35,18,21,5295,18778
2023-10-10 14:16:35,18,20,5295,18778
2023-10-10 14:16:36,18,21,5295,18803
2023-10-10 14:16:37,18,20,5295,18803
2023-10-10 14:16:37,17,20,5295,18803
2023-10-10 14:16:37,17,20,5237,18861
2023-10-10 14:16:49,17,19,5237,18861
2023-10-10 14:16:49,17,19,5237,18881
2023-10-10 14:17:13,17,20,5237,18881
2023-10-10 14:17:14,17,21,5237,18881
2023-10-10 14:17:15,17,20,5237,18881
2023-10-10 14:17:17,17,21,5237,18881
2023-10-10 14:17:18,18,21,5237,18881
2023-10-10 14:17:20,18,20,5237,18881
2023-10-10 14:17:22,18,21,5268,18912
2023-10-10 14:17:22,19,21,5268,18912
2023-10-10 14:17:23,19,22,5268,18912
2023-10-10 14:17:24,20,22,5268,18912
2023-10-10 14:17:24,20,23,5268,18912
2023-10-10 14:17:26,20,24,5268,18912
2023-10-10 14:17:28,21,24,5268,18912
2023-10-10 14:17:33,20,24,5268,18912
2023-10-10 14:17:33,19,22,5268,18912
2023-10-10 14:17:37,20,22,5268,18912
2023-10-10 14:17:37,20,23,5268,18912
2023-10-10 14:17:44,19,23,5268,18912
2023-10-10 14:17:44,19,22,5268,18912
2023-10-10 14:18:07,19,21,5268,18912
2023-10-10 14:18:40,19,22,5268,18912
2023-10-10 14:18:53,20,22,5268,18912
2023-10-10 14:18:53,20,23,5268,18912
2023-10-10 14:18:59,19,23,5268,18912
2023-10-10 14:18:59,19,22,5268,18912
2023-10-10 14:19:00,20,22,5268,18912
2023-10-10 14:19:01,19,23,5268,18912
2023-10-10 14:19:01,19,22,5268,18912
2023-10-10 14:19:10,19,23,5268,18912
2023-10-10 14:19:13,21,23,5268,18912
2023-10-10 14:19:13,21,24,5268,18912
2023-10-10 14:19:19,21,23,5268,18912
2023-10-10 14:19:23,21,24,5268,18912
2023-10-10 14:19:25,21,25,5268,18912
2023-10-10 14:19:27,21,24,5268,18912
2023-10-10 14:19:28,21,25,5268,18912
2023-10-10 14:19:30,22,25,5268,18912
2023-10-10 14:20:13,22,26,5268,18912
2023-10-10 14:20:15,24,26,5268,18912
2023-10-10 14:20:18,24,27,5268,18912
2023-10-10 14:20:21,24,26,5268,18912
2023-10-10 14:20:25,24,27,5268,18912
2023-10-10 14:20:35,24,26,5268,18912
2023-10-10 14:20:41,24,25,5268,18912
2023-10-10 14:20:41,23,25,5268,18912
2023-10-10 14:20:41,22,25,5268,18912
2023-10-10 14:20:48,21,25,5268,18912
2023-10-10 14:20:49,22,25,5268,18912
2023-10-10 14:21:04,22,26,5268,18912
2023-10-10 14:21:12,24,26,5268,18912
2023-10-10 14:21:12,24,27,5268,18912
2023-10-10 14:21:14,23,27,5268,18912
2023-10-10 14:21:14,23,26,5268,18912
2023-10-10 14:21:18,22,26,5268,18912
2023-10-10 14:21:42,22,25,5268,18912
2023-10-10 14:21:45,22,24,5268,18912
2023-10-10 14:21:45,21,24,5268,18912
2023-10-10 14:21:49,21,23,5268,18912
2023-10-10 14:21:49,21,23,5207,18973
2023-10-10 14:21:50,21,24,5207,18973
2023-10-10 14:21:51,21,23,5207,18973
2023-10-10 14:21:52,21,24,5207,18973
2023-10-10 14:21:55,21,23,5207,18973
2023-10-10 14:21:58,20,23,5207,18973
2023-10-10 14:22:04,20,22,5207,18973
2023-10-10 14:22:05,19,22,5207,18973
2023-10-10 14:22:09,19,21,5207,18973
2023-10-10 14:22:19,19,22,5207,19373
2023-10-10 14:22:28,19,21,5207,19373
2023-10-10 14:22:43,19,20,5207,19373
2023-10-10 14:23:01,18,20,5207,19373
2023-10-10 14:23:22,18,21,5207,19373
2023-10-10 14:23:40,18,20,5207,19373
2023-10-10 14:24:15,18,21,5207,19373
2023-10-10 14:24:25,19,21,5207,19373
2023-10-10 14:24:26,18,21,5207,19373
2023-10-10 14:24:56,18,20,5207,19373
2023-10-10 14:25:03,17,20,5207,19373
2023-10-10 14:25:14,16,19,5207,19373
2023-10-10 14:25:17,16,18,5207,19373
2023-10-10 14:25:17,16,17,5207,19373
2023-10-10 14:25:18,14,17,5207,19373
2023-10-10 14:25:20,14,16,5207,19373
2023-10-10 14:25:22,14,15,5207,19373
2023-10-10 14:25:22,13,15,5207,19373
2023-10-10 14:25:35,12,15,5207,19373
2023-10-10 14:25:35,12,14,5207,19373
2023-10-10 14:25:39,12,15,5207,19373
2023-10-10 14:25:42,13,15,5207,19373
2023-10-10 14:25:42,13,16,5207,19373
2023-10-10 14:25:56,12,16,5207,19373
2023-10-10 14:25:56,12,15,5207,19373
2023-10-10 14:25:57,12,16,5515,19928
2023-10-10 14:25:57,14,16,5515,19928
2023-10-10 14:26:08,15,16,5515,19928
2023-10-10 14:26:20,13,16,5515,19928
2023-10-10 14:26:20,14,16,5515,19928
2023-10-10 14:26:22,15,16,5515,19928
2023-10-10 14:26:26,13,16,5515,19928
2023-10-10 14:26:26,14,16,5515,19928
2023-10-10 14:26:33,13,16,5515,19928
2023-10-10 14:26:33,15,16,5515,19928
2023-10-10 14:26:36,15,17,5515,19928
2023-10-10 14:26:37,15,18,5515,19928
2023-10-10 14:26:37,16,18,5515,19928
2023-10-10 14:26:44,17,18,5515,19928
2023-10-10 14:26:47,17,19,5515,19928
2023-10-10 14:26:53,17,20,5515,19928
2023-10-10 14:26:53,18,20,5515,19928
2023-10-10 14:26:54,18,19,5515,19928
2023-10-10 14:26:57,18,20,5515,19928
2023-10-10 14:26:58,19,20,5515,19928
2023-10-10 14:26:59,19,21,5515,19928
2023-10-10 14:27:15,20,21,5515,19928
2023-10-10 14:27:18,20,23,5515,19928
2023-10-10 14:27:18,21,23,5515,19928
2023-10-10 14:27:20,22,23,5515,19928
2023-10-10 14:27:20,22,24,5515,19928
2023-10-10 14:27:23,23,24,5515,19928
2023-10-10 14:27:26,23,25,5515,19928
2023-10-10 14:27:28,24,25,5515,19928
2023-10-10 14:27:28,24,26,5515,19928
2023-10-10 14:27:31,25,26,5515,19928
2023-10-10 14:27:31,25,27,5515,19928
2023-10-10 14:27:35,24,27,5515,19928
2023-10-10 14:27:36,24,26,5515,19928
2023-10-10 14:27:41,24,26,5513,19930
2023-10-10 14:27:43,25,26,5513,19930
2023-10-10 14:27:43,25,27,5513,19930
2023-10-10 14:27:58,24,27,5513,19930
2023-10-10 14:27:58,24,26,5513,19930
2023-10-10 14:28:02,24,27,5513,19930
2023-10-10 14:28:09,24,26,5513,19930
2023-10-10 14:28:14,23,26,5513,19930
2023-10-10 14:28:20,23,25,5513,19930
2023-10-10 14:28:26,22,25,5513,19930
2023-10-10 14:28:41,22,24,5513,19930
2023-10-10 14:28:44,21,24,5513,19930
2023-10-10 14:28:45,21,24,5312,20180
2023-10-10 14:28:46,21,23,5312,20180
2023-10-10 14:28:48,19,23,5231,20261
2023-10-10 14:28:49,19,22,5231,20261
2023-10-10 14:28:55,19,23,5231,20261
2023-10-10 14:28:56,19,22,5231,20261
2023-10-10 14:28:57,19,23,5231,20261
2023-10-10 14:28:58,20,23,5231,20261
2023-10-10 14:29:01,19,23,5231,20261
2023-10-10 14:29:02,19,22,5231,20261
2023-10-10 14:29:09,19,21,5231,20261
2023-10-10 14:29:10,18,21,5231,20261
2023-10-10 14:29:16,18,22,5231,20261
2023-10-10 14:29:17,19,22,5231,20261
2023-10-10 14:29:27,18,22,5231,20261
2023-10-10 14:29:28,18,21,5231,20261
2023-10-10 14:29:31,18,20,5231,20261
2023-10-10 14:29:33,17,20,5231,20261
2023-10-10 14:29:33,17,19,5231,20261
2023-10-10 14:29:45,16,19,5231,20261
2023-10-10 14:29:45,16,18,5231,20261
2023-10-10 14:30:11,16,19,5582,20661
2023-10-10 14:30:17,17,19,5582,20661
2023-10-10 14:30:26,16,19,5582,20661
2023-10-10 14:30:29,17,19,5582,20661
2023-10-10 14:30:32,18,19,5582,20661
2023-10-10 14:30:32,18,20,5582,20661
2023-10-10 14:30:42,17,20,5582,20661
2023-10-10 14:30:43,18,20,5582,20661
2023-10-10 14:31:03,18,21,5582,20661
2023-10-10 14:31:07,19,21,5582,20661
2023-10-10 14:31:10,18,21,5582,20661
2023-10-10 14:31:12,18,20,5582,20661
2023-10-10 14:31:33,17,20,5582,20661
2023-10-10 14:31:37,18,20,5582,20661
2023-10-10 14:31:38,18,21,5582,20661
2023-10-10 14:31:42,19,21,5582,20661
2023-10-10 14:31:44,19,22,5582,20661
2023-10-10 14:31:48,20,22,5582,20661
2023-10-10 14:31:58,20,23,5582,20661
2023-10-10 14:32:05,21,23,5582,20661
2023-10-10 14:32:12,20,23,5582,20661
2023-10-10 14:32:12,20,22,5582,20661
2023-10-10 14:32:29,19,22,5582,20661
2023-10-10 14:32:41,20,22,5582,20661
2023-10-10 14:32:59,19,22,5582,20661
2023-10-10 14:33:04,19,21,5582,20661
2023-10-10 14:33:06,19,22,5582,20661
2023-10-10 14:33:26,20,22,5582,20661
2023-10-10 14:33:42,21,22,5582,20661
2023-10-10 14:33:43,20,22,5582,20661
2023-10-10 14:34:01,21,22,5582,20661
2023-10-10 14:34:02,20,22,5582,20661
2023-10-10 14:34:04,21,22,5582,20661
2023-10-10 14:34:05,22,23,5582,20691
2023-10-10 14:34:05,22,24,5582,20691
2023-10-10 14:34:06,21,24,5582,20691
2023-10-10 14:34:11,22,24,5582,20691
2023-10-10 14:34:13,23,24,5582,20691
2023-10-10 14:34:13,23,25,5582,20691
2023-10-10 14:34:14,24,25,5582,20691
2023-10-10 14:34:14,24,26,5582,20691
2023-10-10 14:34:14,24,26,5582,20720
2023-10-10 14:34:15,24,25,5582,20720
2023-10-10 14:34:19,23,25,5582,20720
2023-10-10 14:34:27,24,25,5582,20720
2023-10-10 14:34:27,24,26,5582,20720
2023-10-10 14:34:30,24,25,5582,20720
2023-10-10 14:34:38,23,25,5382,20920
2023-10-10 14:35:14,24,25,5382,20920
2023-10-10 14:35:16,24,26,5382,20920
2023-10-10 14:35:17,24,27,5382,20920
2023-10-10 14:35:18,25,27,5382,20920
2023-10-10 14:35:19,25,28,5382,20920
2023-10-10 14:35:32,25,27,5382,20920
2023-10-10 14:35:34,24,27,5382,20920
2023-10-10 14:35:36,25,27,5382,20920
2023-10-10 14:35:48,24,27,5382,20920
2023-10-10 14:35:48,24,26,5382,20920
2023-10-10 14:35:49,23,26,5382,20920
2023-10-10 14:35:51,23,24,5382,20920
2023-10-10 14:35:51,21,24,5382,20920
2023-10-10 14:36:04,20,24,5382,20920
2023-10-10 14:36:08,20,23,5382,20920
2023-10-10 14:36:13,20,24,5382,20920
2023-10-10 14:36:15,21,24,5382,20920
2023-10-10 14:36:18,21,22,5382,20920
2023-10-10 14:36:18,20,22,5382,20920
2023-10-10 14:36:18,19,22,5382,20920
2023-10-10 14:36:19,19,21,5382,20920
2023-10-10 14:36:19,19,20,5382,20920
2023-10-10 14:36:19,18,20,5382,20920
2023-10-10 14:36:21,17,20,5382,20920
2023-10-10 14:36:21,17,19,5382,20920
2023-10-10 14:36:33,16,19,5382,20920
2023-10-10 14:36:34,15,19,5382,20920
2023-10-10 14:36:34,15,17,5382,20920
2023-10-10 14:36:34,14,17,5382,20920
2023-10-10 14:36:37,14,16,5382,20920
2023-10-10 14:36:41,14,17,5382,20920
2023-10-10 14:36:49,15,17,5382,20920
2023-10-10 14:36:54,15,18,5382,20920
2023-10-10 14:36:58,14,18,5382,20920
2023-10-10 14:37:05,15,18,5382,20920
2023-10-10 14:37:06,14,18,5382,20920
2023-10-10 14:37:07,15,18,5382,20920
2023-10-10 14:37:09,14,18,5382,20920
2023-10-10 14:37:11,15,18,5382,20920
2023-10-10 14:37:12,14,18,5382,20920
2023-10-10 14:37:17,15,18,5382,20920
2023-10-10 14:37:22,14,18,5382,20920
2023-10-10 14:37:25,14,17,5382,20920
2023-10-10 14:37:27,15,17,5382,20920
2023-10-10 14:37:27,15,18,5382,20920
2023-10-10 14:37:32,15,19,5382,20920
2023-10-10 14:37:33,15,18,5382,20920
2023-10-10 14:38:02,16,18,5382,20920
2023-10-10 14:38:02,16,19,5382,20920
2023-10-10 14:38:13,15,19,5382,20920
2023-10-10 14:38:13,15,18,5382,20920
2023-10-10 14:38:40,16,18,5382,20920
2023-10-10 14:38:41,16,19,5382,20920
2023-10-10 14:38:59,16,19,5290,21120
2023-10-10 14:39:03,15,19,5290,21120
2023-10-10 14:39:03,15,18,5290,21120
2023-10-10 14:39:22,15,17,5290,21120
2023-10-10 14:39:25,16,17,5290,21120
2023-10-10 14:39:29,18,19,5320,21150
2023-10-10 14:39:30,18,20,5320,21150
2023-10-10 14:39:31,19,20,5320,21150
2023-10-10 14:40:04,18,20,5320,21150
2023-10-10 14:40:05,19,20,5320,21150
2023-10-10 14:40:10,18,20,5320,21150
2023-10-10 14:40:19,18,19,5320,21150
2023-10-10 14:40:20,17,19,5320,21150
2023-10-10 14:40:21,16,19,5320,21150
2023-10-10 14:40:38,16,18,5320,21150
2023-10-10 14:41:02,17,18,5320,21150
2023-10-10 14:41:08,18,20,5350,21180
2023-10-10 14:41:09,17,20,5350,21180
2023-10-10 14:41:11,18,20,5350,21180
2023-10-10 14:41:13,17,20,5350,21180
2023-10-10 14:41:25,17,19,5350,21180
2023-10-10 14:41:28,16,19,5350,21180
2023-10-10 14:41:32,16,18,5350,21180
2023-10-10 14:41:42,17,18,5350,21180
2023-10-10 14:41:58,16,18,5350,21180
2023-10-10 14:41:59,17,18,5350,21180
2023-10-10 14:42:00,16,18,5350,21180
2023-10-10 14:42:07,17,18,5350,21180
2023-10-10 14:42:15,18,20,5376,21206
2023-10-10 14:42:23,18,19,5376,21206
2023-10-10 14:42:26,17,19,5376,21206
2023-10-10 14:42:29,18,19,5376,21206
2023-10-10 14:42:43,18,20,5376,21206
2023-10-10 14:43:07,18,19,5376,21206
2023-10-10 14:43:09,20,21,5396,21227
2023-10-10 14:43:09,20,22,5396,21227
2023-10-10 14:43:10,21,22,5396,21227
2023-10-10 14:43:41,21,23,5396,21227
2023-10-10 14:43:42,21,24,5396,21227
2023-10-10 14:43:45,21,23,5396,21227
2023-10-10 14:43:58,22,23,5396,21227
2023-10-10 14:43:58,22,24,5396,21227
2023-10-10 14:44:00,21,24,5396,21227
2023-10-10 14:44:02,22,24,5396,21227
2023-10-10 14:44:05,21,24,5396,21227
2023-10-10 14:44:12,21,23,5396,21227
2023-10-10 14:44:13,21,24,5396,21227
2023-10-10 14:44:54,22,24,5396,21227
2023-10-10 14:44:57,22,25,5396,21227
2023-10-10 14:44:58,22,25,5396,21227
2023-10-10 14:45:01,21,25,5396,21227
2023-10-10 14:45:04,22,25,5396,21227
2023-10-10 14:45:09,23,25,5396,21227
2023-10-10 14:45:38,23,26,5396,21227
2023-10-10 14:45:46,24,26,5396,21227
2023-10-10 14:45:46,24,26,5396,21249
2023-10-10 14:45:48,24,27,5396,21249
2023-10-10 14:45:50,26,27,5396,21249
2023-10-10 14:45:51,26,28,5396,21249
2023-10-10 14:46:15,24,28,5396,21249
2023-10-10 14:46:15,24,27,5396,21249
2023-10-10 14:46:18,24,28,5396,21249
2023-10-10 14:46:19,25,28,5396,21249
2023-10-10 14:46:25,25,27,5396,21249
2023-10-10 14:46:49,26,27,5396,21249
2023-10-10 14:46:52,26,28,5396,21249
2023-10-10 14:46:53,25,28,5396,21249
2023-10-10 14:46:55,25,27,5396,21249
2023-10-10 14:46:59,24,27,5396,21249
2023-10-10 14:47:00,25,27,5396,21249
2023-10-10 14:47:02,24,27,5396,21249
2023-10-10 14:47:16,26,27,5396,21249
2023-10-10 14:47:19,26,28,5396,21249
2023-10-10 14:47:26,26,27,5396,21249
2023-10-10 14:47:28,24,27,5396,21249
2023-10-10 14:47:30,23,27,5396,21249
2023-10-10 14:47:33,23,26,5396,21249
2023-10-10 14:47:37,23,27,5396,21249
2023-10-10 14:48:06,24,27,5396,21249
2023-10-10 14:48:07,25,27,5396,21249
2023-10-10 14:48:07,25,28,5396,21249
2023-10-10 14:48:11,26,28,5396,21249
2023-10-10 14:48:11,26,29,5396,21249
2023-10-10 14:48:12,27,29,5396,21249
2023-10-10 14:48:13,27,30,5396,21249
2023-10-10 14:48:19,28,30,5396,21249
2023-10-10 14:48:21,28,31,5396,21249
2023-10-10 14:48:30,29,31,5396,21249
2023-10-10 14:48:35,30,31,5396,21249
2023-10-10 14:48:35,30,33,5396,21249
2023-10-10 14:48:39,31,33,5396,21249
2023-10-10 14:48:40,32,33,5396,21249
2023-10-10 14:48:40,32,34,5396,21249
2023-10-10 14:48:43,33,34,5396,21249
2023-10-10 14:48:43,33,35,5396,21249
2023-10-10 14:48:44,33,35,5596,21449
2023-10-10 14:48:44,34,36,5596,21449
2023-10-10 14:48:45,35,36,5596,21449
2023-10-10 14:48:45,36,37,5624,21477
2023-10-10 14:48:45,36,38,5624,21477
2023-10-10 14:48:46,35,38,5624,21477
2023-10-10 14:48:47,36,38,5624,21477
2023-10-10 14:48:51,35,38,5624,21677
2023-10-10 14:49:05,35,37,5624,21677
2023-10-10 14:49:05,33,37,5624,21677
2023-10-10 14:49:05,35,37,5624,21677
2023-10-10 14:49:06,35,36,5624,21677
2023-10-10 14:49:06,34,36,5595,21706
2023-10-10 14:49:07,33,36,5595,21706
2023-10-10 14:49:16,32,36,5395,21906
2023-10-10 14:49:19,33,36,5395,21906
2023-10-10 14:49:20,32,36,5375,21926
2023-10-10 14:49:23,31,36,5375,21926
2023-10-10 14:49:23,31,35,5375,21926
2023-10-10 14:49:29,32,35,5375,21926
2023-10-10 14:49:30,32,34,5375,21926
2023-10-10 14:49:30,28,33,5375,21926
2023-10-10 14:49:31,27,33,5375,21926
2023-10-10 14:49:31,27,30,5375,21926
2023-10-10 14:49:31,27,29,5375,21926
2023-10-10 14:49:31,27,29,5342,21959
2023-10-10 14:49:32,27,28,5342,21959
2023-10-10 14:49:32,26,28,5342,21959
2023-10-10 14:49:32,26,29,5342,22209
2023-10-10 14:49:37,26,28,5342,22209
2023-10-10 14:49:38,24,28,5342,22209
2023-10-10 14:49:39,24,27,5342,22209
2023-10-10 14:49:40,24,26,5342,22209
2023-10-10 14:49:44,24,27,5342,22209
2023-10-10 14:49:47,24,26,5342,22209
2023-10-10 14:49:48,24,27,5604,22809
2023-10-10 14:49:48,24,28,5604,22809
2023-10-10 14:49:49,25,28,5604,22809
2023-10-10 14:49:55,25,27,5604,22809
2023-10-10 14:49:56,24,27,5604,22809
2023-10-10 14:50:02,24,28,5604,22809
2023-10-10 14:50:03,25,28,5604,22809
2023-10-10 14:50:04,25,27,5604,22809
2023-10-10 14:50:04,24,27,5604,22809
2023-10-10 14:50:08,24,26,5604,22809
2023-10-10 14:50:11,24,27,5604,22809
2023-10-10 14:50:15,24,26,5604,22809
2023-10-10 14:50:15,22,25,5604,23009
2023-10-10 14:50:19,22,24,5604,23009
2023-10-10 14:50:20,21,24,5604,23009
2023-10-10 14:50:21,21,23,5604,23009
2023-10-10 14:50:22,20,23,5604,23009
2023-10-10 14:50:22,20,22,5604,23009
2023-10-10 14:50:24,18,22,5604,23009
2023-10-10 14:50:38,20,22,5604,23009
2023-10-10 14:50:46,20,23,5604,23009
2023-10-10 14:50:54,18,23,5604,23009
2023-10-10 14:50:54,18,21,5604,23009
2023-10-10 14:51:01,18,22,5604,23009
2023-10-10 14:51:01,19,22,5604,23009
2023-10-10 14:51:02,18,22,5604,23009
2023-10-10 14:51:04,19,22,5604,23009
2023-10-10 14:51:11,20,22,5604,23009
2023-10-10 14:51:11,20,23,5604,23009
2023-10-10 14:51:15,19,23,5604,23009
2023-10-10 14:51:24,20,23,5604,23009
2023-10-10 14:51:40,19,23,5604,23009
2023-10-10 14:51:40,19,22,5604,23009
2023-10-10 14:51:47,18,22,5604,23009
2023-10-10 14:51:47,18,21,5604,23009
2023-10-10 14:52:11,18,20,5604,23009
2023-10-10 14:52:14,18,21,5604,23009
2023-10-10 14:52:17,18,22,5604,23009
2023-10-10 14:52:25,19,22,5604,23009
2023-10-10 14:52:25,19,23,5604,23009
2023-10-10 14:52:26,20,23,5604,23009
2023-10-10 14:52:28,19,23,5604,23009
2023-10-10 14:52:28,19,22,5604,23009
2023-10-10 14:52:29,18,22,5604,23009
2023-10-10 14:52:34,18,21,5604,23009
2023-10-10 14:53:06,18,20,5604,23009
2023-10-10 14:53:08,18,19,5604,23009
2023-10-10 14:53:12,17,19,5604,23009
2023-10-10 14:53:16,16,19,5604,23009
2023-10-10 14:53:16,16,18,5604,23009
2023-10-10 14:53:16,16,17,5604,23009
2023-10-10 14:53:16,15,17,5604,23009
2023-10-10 14:53:16,14,17,5604,23009
2023-10-10 14:53:17,13,17,5604,23009
2023-10-10 14:53:18,13,14,5604,23009
2023-10-10 14:53:19,12,13,5604,23036
2023-10-10 14:53:20,11,13,5604,23036
2023-10-10 14:53:23,11,14,5604,23036
2023-10-10 14:53:37,11,15,5604,23036
2023-10-10 14:53:37,12,15,5604,23036
2023-10-10 14:53:38,11,15,5315,23357
2023-10-10 14:53:39,11,14,5315,23357
2023-10-10 14:53:40,11,13,5315,23357
2023-10-10 14:53:50,11,14,5315,23357
2023-10-10 14:53:58,11,13,5315,23357
2023-10-10 14:54:00,11,12,5315,23357
2023-10-10 14:54:00,10,12,5315,23357
2023-10-10 14:54:00,9,12,5315,23357
2023-10-10 14:54:02,9,11,5315,23357
2023-10-10 14:54:44,9,12,5483,23557
2023-10-10 14:54:45,9,11,5483,23557
2023-10-10 14:55:02,8,11,5483,23557
2023-10-10 14:55:02,8,10,5483,23557
2023-10-10 14:55:17,7,10,5483,23557
2023-10-10 14:55:32,7,9,5483,23557
2023-10-10 14:55:35,6,9,5483,23557
2023-10-10 14:55:35,6,8,5483,23557
2023-10-10 14:55:36,6,9,5683,23757
2023-10-10 14:55:41,6,9,5583,23857
2023-10-10 14:55:46,6,10,5583,23857
2023-10-10 14:55:46,7,10,5583,23857
2023-10-10 14:55:50,7,9,5583,23857
2023-10-10 14:55:53,6,9,5583,23857
2023-10-10 14:55:56,7,9,5583,23857
2023-10-10 14:55:57,7,9,5583,23857
2023-10-10 14:56:01,7,10,5583,23857
2023-10-10 14:56:03,7,9,5583,23857
2023-10-10 14:56:05,6,9,5583,23857
2023-10-10 14:56:09,6,8,5583,23857
2023-10-10 14:56:11,7,8,5583,23857
2023-10-10 14:56:21,7,9,5783,24057
2023-10-10 14:56:35,7,10,5783,24057
2023-10-10 14:56:37,7,9,5783,24057
2023-10-10 14:56:44,7,10,5783,24057
2023-10-10 14:57:03,8,10,5783,24057
2023-10-10 14:57:03,8,11,5783,24057
2023-10-10 14:57:05,9,11,5783,24057
2023-10-10 14:57:09,8,11,5783,24057
2023-10-10 14:57:11,8,10,5783,24057
2023-10-10 14:57:18,8,11,5783,24057
2023-10-10 14:57:21,8,10,5783,24057
2023-10-10 14:57:35,8,11,5783,24057
2023-10-10 14:57:42,8,10,5783,24057
2023-10-10 14:57:46,7,10,5783,24057
2023-10-10 14:57:48,7,9,5783,24057
2023-10-10 14:57:49,6,9,5783,24057
2023-10-10 14:57:59,7,9,5783,24057
2023-10-10 14:58:06,7,10,5783,24057
2023-10-10 14:58:47,8,10,5783,24057
2023-10-10 14:58:50,7,10,5783,24057
2023-10-10 14:58:59,8,10,5783,24057
2023-10-10 14:59:00,8,11,5783,24057
2023-10-10 14:59:07,9,11,5783,24057
2023-10-10 14:59:12,8,11,5783,24057
2023-10-10 14:59:14,9,11,5783,24057
2023-10-10 14:59:15,8,11,5783,24057
2023-10-10 14:59:16,9,11,5783,24057
2023-10-10 14:59:35,8,11,5783,24057
2023-10-10 14:59:42,9,11,5783,24057
2023-10-10 14:59:48,8,11,5783,24057
2023-10-10 15:00:02,9,11,5783,24057
2023-10-10 15:00:07,8,11,5783,24057
2023-10-10 15:00:12,9,11,5783,24057
2023-10-10 15:00:15,8,11,5783,24057
2023-10-10 15:00:15,9,11,5783,24057
2023-10-10 15:00:18,8,11,5783,24057
2023-10-10 15:00:29,9,11,5783,24057
2023-10-10 15:00:32,10,11,5783,24057
2023-10-10 15:00:34,9,11,5783,24057
2023-10-10 15:00:45,10,11,5783,24057
2023-10-10 15:01:12,11,12,5782,24058
2023-10-10 15:01:13,10,12,5782,24058
2023-10-10 15:01:14,9,12,5782,24058
2023-10-10 15:01:14,9,11,5782,24058
2023-10-10 15:01:14,7,11,5782,24058
2023-10-10 15:01:16,7,9,5782,24058
2023-10-10 15:01:21,7,10,5782,24058
2023-10-10 15:01:22,7,11,5782,24058
2023-10-10 15:01:25,7,10,5782,24058
2023-10-10 15:01:28,7,11,5782,24058
2023-10-10 15:01:33,8,11,5782,24058
2023-10-10 15:02:15,7,11,5782,24058
2023-10-10 15:02:15,8,11,5782,24058
2023-10-10 15:02:16,7,11,5782,24058
2023-10-10 15:02:17,7,10,5782,24058
2023-10-10 15:02:18,8,10,5782,24058
2023-10-10 15:02:20,8,11,5782,24058
2023-10-10 15:03:05,9,11,5782,24058
2023-10-10 15:03:05,9,12,5782,24058
2023-10-10 15:03:09,9,11,5782,24058
2023-10-10 15:03:10,9,12,5782,24058
2023-10-10 15:03:20,10,12,5782,24058
2023-10-10 15:03:23,10,13,5782,24058
2023-10-10 15:03:33,11,13,5782,24058
2023-10-10 15:03:41,12,13,5782,24058
2023-10-10 15:03:41,12,14,5782,24058
2023-10-10 15:04:10,13,14,5782,24058
2023-10-10 15:04:11,13,15,5782,24058
2023-10-10 15:04:16,12,15,5782,24058
2023-10-10 15:04:16,12,14,5782,24058
2023-10-10 15:04:18,12,13,5782,24058
2023-10-10 15:04:19,11,13,5782,24058
2023-10-10 15:04:36,11,14,5782,24058
2023-10-10 15:04:38,11,13,5782,24058
2023-10-10 15:04:41,11,14,5782,24058
2023-10-10 15:04:46,11,13,5782,24058
2023-10-10 15:04:55,11,14,5782,24058
2023-10-10 15:04:56,12,14,5782,24058
2023-10-10 15:05:03,11,14,5782,24058
2023-10-10 15:05:05,11,13,5782,24058
2023-10-10 15:05:11,10,13,5782,24058
2023-10-10 15:05:18,11,13,5782,24058
2023-10-10 15:05:20,10,13,5782,24058
2023-10-10 15:05:32,10,12,5782,24058
2023-10-10 15:05:34,9,12,5782,24058
2023-10-10 15:05:36,9,11,5782,24058
2023-10-10 15:05:54,9,12,5782,24058
2023-10-10 15:05:57,9,11,5782,24058
2023-10-10 15:06:19,9,12,5782,24058
2023-10-10 15:06:47,9,11,5782,24058
2023-10-10 15:06:55,9,12,5782,24058
2023-10-10 15:07:05,9,11,5782,24058
2023-10-10 15:07:20,9,12,5782,24058
2023-10-10 15:07:28,9,11,5782,24058
2023-10-10 15:07:31,8,11,5782,24058
2023-10-10 15:07:39,9,11,5782,24058
2023-10-10 15:07:39,9,12,5782,24058
2023-10-10 15:07:53,11,12,5782,24058
2023-10-10 15:07:53,11,13,5782,24058
2023-10-10 15:07:57,12,13,5782,24058
2023-10-10 15:07:58,11,13,5782,24058
2023-10-10 15:08:59,9,13,5782,24058
2023-10-10 15:09:01,10,13,5782,24058
2023-10-10 15:09:03,9,13,5782,24058
2023-10-10 15:09:06,11,13,5782,24058
2023-10-10 15:09:27,11,14,5782,24058
2023-10-10 15:09:28,11,13,5782,24058
2023-10-10 15:09:32,11,14,5782,24058
2023-10-10 15:09:35,11,13,5782,24058
2023-10-10 15:09:44,12,13,5782,24058
2023-10-10 15:09:46,12,14,5782,24058
2023-10-10 15:09:48,12,15,5782,24058
2023-10-10 15:10:01,11,15,5782,24058
2023-10-10 15:10:01,11,14,5782,24058
2023-10-10 15:10:56,11,13,5782,24058
2023-10-10 15:10:56,10,13,5782,24058
2023-10-10 15:10:57,10,14,5782,24058
2023-10-10 15:10:58,10,13,5782,24058
2023-10-10 15:11:06,9,13,5782,24058
2023-10-10 15:11:08,10,13,5782,24058
2023-10-10 15:11:14,9,13,5782,24058
2023-10-10 15:11:15,9,12,5782,24058
2023-10-10 15:11:20,8,12,5782,24058
2023-10-10 15:11:23,8,11,5782,24058
2023-10-10 15:11:33,8,12,5782,24058
2023-10-10 15:11:37,8,11,5782,24058
2023-10-10 15:11:41,8,10,5782,24058
2023-10-10 15:11:46,7,10,5782,24058
2023-10-10 15:11:49,7,9,5782,24058
2023-10-10 15:11:50,6,9,5782,24058
2023-10-10 15:11:53,6,8,5782,24058
2023-10-10 15:11:55,6,7,5782,24058
2023-10-10 15:11:56,6,7,5782,24089
2023-10-10 15:12:01,6,7,5782,24099
2023-10-10 15:12:13,6,7,5782,24119
2023-10-10 15:12:19,6,7,6032,24369
2023-10-10 15:12:21,6,7,6032,24400
2023-10-10 15:12:22,6,7,6282,24650
2023-10-10 15:12:25,6,7,6532,24900
2023-10-10 15:12:27,6,9,6690,25058
2023-10-10 15:12:34,6,8,6690,25058
2023-10-10 15:12:45,6,7,6690,25058
2023-10-10 15:13:03,6,8,6690,25058
2023-10-10 15:13:10,6,9,6690,25058
2023-10-10 15:13:12,7,9,6690,25058
2023-10-10 15:13:19,7,8,6690,25058
2023-10-10 15:13:20,7,9,6690,25058
2023-10-10 15:13:52,7,8,6690,25058
2023-10-10 15:13:59,5,7,6690,25070
2023-10-10 15:14:00,5,8,6690,25070
2023-10-10 15:14:00,6,8,6690,25070
2023-10-10 15:14:02,6,9,6690,25070
2023-10-10 15:14:11,7,9,6690,25070
2023-10-10 15:14:16,6,9,6690,25070
2023-10-10 15:14:19,6,8,6690,25070
2023-10-10 15:14:20,6,8,6690,25250
2023-10-10 15:14:21,6,9,6690,25250
2023-10-10 15:14:40,7,9,6690,25250
2023-10-10 15:14:40,7,10,6690,25250
2023-10-10 15:14:45,7,9,6690,25250
2023-10-10 15:15:00,7,8,6690,25250
2023-10-10 15:15:02,6,9,6690,25250
2023-10-10 15:15:11,6,8,6690,25250
2023-10-10 15:15:14,5,8,6690,25250
2023-10-10 15:15:18,5,7,6690,25250
2023-10-10 15:15:25,5,8,6690,25250
2023-10-10 15:15:38,5,9,6690,25250
2023-10-10 15:15:38,6,9,6690,25250
2023-10-10 15:15:41,6,10,6690,25250
2023-10-10 15:15:41,7,10,6690,25250
2023-10-10 15:15:44,7,11,6690,25250
2023-10-10 15:15:44,8,11,6690,25250
2023-10-10 15:15:45,9,11,6690,25250
2023-10-10 15:15:49,8,11,6690,25250
2023-10-10 15:15:57,9,11,6690,25250
2023-10-10 15:16:01,9,12,6690,25250
2023-10-10 15:16:01,10,12,6690,25250
2023-10-10 15:16:01,10,13,6690,25250
2023-10-10 15:16:08,9,13,6690,25250
2023-10-10 15:16:08,9,12,6690,25250
2023-10-10 15:16:10,9,13,6690,25250
2023-10-10 15:16:10,10,13,6690,25250
2023-10-10 15:16:18,9,13,6690,25250
2023-10-10 15:16:33,10,13,6690,25250
2023-10-10 15:16:36,11,13,6690,25250
2023-10-10 15:16:37,11,14,6690,25250
2023-10-10 15:17:08,12,14,6690,25250
2023-10-10 15:17:08,12,14,6690,25284
2023-10-10 15:17:10,12,15,6690,25284
2023-10-10 15:17:10,13,15,6690,25284
2023-10-10 15:17:10,13,14,6690,25284
2023-10-10 15:17:10,13,16,6690,25284
2023-10-10 15:17:14,13,15,6690,25284
2023-10-10 15:17:17,12,15,6690,25284
2023-10-10 15:17:18,11,15,6690,25284
2023-10-10 15:17:20,11,14,6690,25284
2023-10-10 15:17:28,11,14,6700,25294
2023-10-10 15:17:35,11,14,6703,25297
2023-10-10 15:17:40,10,14,6703,25297
2023-10-10 15:17:42,10,13,6703,25297
2023-10-10 15:17:56,9,13,6703,25297
2023-10-10 15:17:59,9,12,6703,25297
2023-10-10 15:17:59,9,11,6703,25297
2023-10-10 15:17:59,8,11,6703,25297
2023-10-10 15:18:02,8,10,6703,25297
2023-10-10 15:18:02,7,10,6703,25297
2023-10-10 15:18:03,7,9,6703,25297
2023-10-10 15:18:12,6,9,6703,25297
2023-10-10 15:18:18,7,9,6703,25297
2023-10-10 15:18:21,7,10,6703,25297
2023-10-10 15:18:28,8,10,6703,25297
2023-10-10 15:18:28,8,11,6703,25297
2023-10-10 15:18:30,8,12,6703,25297
2023-10-10 15:18:31,8,11,6703,25297
2023-10-10 15:18:34,8,12,6703,25297
2023-10-10 15:18:35,8,11,6703,25297
2023-10-10 15:19:17,7,11,6703,25297
2023-10-10 15:19:17,7,10,6703,25297
2023-10-10 15:19:19,7,9,6703,25297
2023-10-10 15:19:23,6,9,6703,25297
2023-10-10 15:19:34,6,8,6703,25297
2023-10-10 15:19:35,6,9,6703,25297
2023-10-10 15:19:57,6,8,6703,25297
2023-10-10 15:19:57,5,8,6703,25297
2023-10-10 15:20:11,5,7,6703,25297
2023-10-10 15:20:22,5,6,6703,25297
2023-10-10 15:20:23,4,6,6703,25297
2023-10-10 15:20:36,3,6,6703,25297
2023-10-10 15:20:36,3,5,6703,25297
2023-10-10 15:20:44,2,5,6703,25297
2023-10-10 15:20:47,2,3,6703,25297
2023-10-10 15:20:48,1,3,6703,25297
2023-10-10 15:21:22,1,4,6703,25297
2023-10-10 15:21:28,2,4,6703,25297
2023-10-10 15:21:30,2,5,6703,25297
2023-10-10 15:21:46,2,6,7303,25897
2023-10-10 15:21:47,3,6,7303,25897
2023-10-10 15:21:50,2,6,7303,25897
2023-10-10 15:21:50,3,6,7303,25897
2023-10-10 15:22:03,4,6,7303,25897
2023-10-10 15:22:03,4,6,7293,25907
2023-10-10 15:22:17,5,6,7293,25907
2023-10-10 15:22:21,4,6,7293,25907
2023-10-10 15:22:37,3,4,7293,26107
2023-10-10 15:22:40,3,4,7293,26307
2023-10-10 15:22:43,3,4,7293,26507
2023-10-10 15:22:56,3,4,7293,26707
2023-10-10 15:23:00,3,4,7293,26907
2023-10-10 15:23:02,3,4,7848,27462
2023-10-10 15:23:10,3,7,7848,27462
2023-10-10 15:23:16,3,6,7848,27462
2023-10-10 15:23:17,3,7,7848,27462
2023-10-10 15:23:18,3,6,7848,27462
2023-10-10 15:23:33,3,5,7848,27462
2023-10-10 15:23:38,2,5,7848,27462
2023-10-10 15:23:44,2,4,7848,27462
2023-10-10 15:23:52,1,4,7848,27462
2023-10-10 15:24:10,1,3,7848,27462
2023-10-10 15:24:15,2,3,7848,27462
2023-10-10 15:24:20,2,3,8098,27712
2023-10-10 15:24:28,2,5,11848,31462
2023-10-10 15:25:33,3,5,11848,31462
2023-10-10 15:25:53,3,5,11848,31462
2023-10-10 15:26:03,2,5,11848,31462
2023-10-10 15:26:08,2,4,11848,31462
2023-10-10 15:26:13,2,5,11848,31462
2023-10-10 15:26:19,2,4,11848,31462
2023-10-10 15:26:20,2,5,11848,31462
2023-10-10 15:26:41,2,4,11848,31462
2023-10-10 15:26:42,2,5,11848,31462
2023-10-10 15:26:43,2,4,11848,31462
2023-10-10 15:26:46,2,5,11848,31462
2023-10-10 15:27:23,3,5,11848,31462
2023-10-10 15:27:34,2,5,11848,31462
2023-10-10 15:27:48,3,5,11848,31462
2023-10-10 15:27:49,2,5,11848,31462
2023-10-10 15:27:50,3,5,11848,31462
2023-10-10 15:27:51,2,5,11848,31462
2023-10-10 15:27:53,3,5,11848,31462
2023-10-10 15:28:04,2,5,11848,31462
2023-10-10 15:28:47,3,5,11848,31462
2023-10-10 15:28:47,3,5,11848,31486
2023-10-10 15:29:01,2,5,11848,31486
2023-10-10 15:29:02,3,5,11848,31486
2023-10-10 15:29:04,3,5,12014,31652
2023-10-10 15:29:06,2,5,12014,31652
2023-10-10 15:29:26,3,5,12014,31652
2023-10-10 15:29:35,3,4,12014,31652
2023-10-10 15:29:41,1,4,12014,31684
2023-10-10 15:29:47,2,4,12014,31684
2023-10-10 15:30:29,2,5,12014,31684
2023-10-10 15:31:06,2,4,12014,31684
2023-10-10 15:31:16,2,5,12014,31684
2023-10-10 15:31:32,3,5,12014,31684
2023-10-10 15:31:32,3,5,12014,31744
2023-10-10 15:31:36,4,5,12014,31744
2023-10-10 15:31:36,4,5,12014,31804
2023-10-10 15:31:37,3,5,12014,31804
2023-10-10 15:31:38,4,5,12014,31804
2023-10-10 15:32:04,3,5,12014,31804
2023-10-10 15:32:14,4,5,12014,31804
2023-10-10 15:32:16,3,5,12014,31804
2023-10-10 15:32:33,2,5,12014,31804
2023-10-10 15:32:40,3,5,12014,31804
2023-10-10 15:32:41,2,5,12014,31804
2023-10-10 15:32:45,3,5,12014,31804
2023-10-10 15:32:46,2,5,12014,31804
2023-10-10 15:32:48,3,5,12014,31804
2023-10-10 15:32:49,2,5,12014,31804
2023-10-10 15:33:06,1,5,12014,31804
2023-10-10 15:33:06,1,4,12014,31804
2023-10-10 15:33:18,2,4,12014,31804
2023-10-10 15:33:19,2,5,12014,31804
2023-10-10 15:33:28,1,5,12014,31804
2023-10-10 15:33:29,1,4,12014,31804
2023-10-10 15:33:30,1,5,12014,31804
2023-10-10 15:33:34,1,4,12014,31804
2023-10-10 15:33:50,1,5,12014,31804
2023-10-10 15:33:51,1,4,12014,31804
2023-10-10 15:33:56,1,5,12014,31804
2023-10-10 15:34:05,1,4,12014,31804
2023-10-10 15:34:14,2,4,12014,31804
2023-10-10 15:34:29,2,4,12014,31804
2023-10-10 15:34:32,1,4,12014,31804
2023-10-10 15:34:58,1,5,12014,31804
2023-10-10 15:35:00,1,4,12014,31804
2023-10-10 15:35:18,2,4,12014,31804
2023-10-10 15:35:18,2,5,12014,31804
2023-10-10 15:35:23,2,4,12014,31804
2023-10-10 15:35:24,1,4,12014,31804
2023-10-10 15:35:32,1,3,12014,31804
2023-10-10 15:35:32,0,3,12014,31804
2023-10-10 15:35:33,1,3,12014,31804
2023-10-10 15:35:33,0,1,11943,32004
2023-10-10 15:35:34,0,1,11883,32064
2023-10-10 15:35:56,0,3,11883,33004
2023-10-10 15:36:10,1,3,11883,33004
2023-10-10 15:36:11,0,3,11883,33004
2023-10-10 15:36:12,1,3,11883,33004
2023-10-10 15:36:14,0,3,11883,33004
2023-10-10 15:36:18,1,3,11883,33004
2023-10-10 15:37:37,1,2,11883,33004
2023-10-10 15:37:54,1,3,11883,33004
2023-10-10 15:38:05,1,2,11883,33004
2023-10-10 15:38:11,1,3,11883,33004
2023-10-10 15:38:21,1,4,11883,33004
2023-10-10 15:38:28,1,5,11883,33004
2023-10-10 15:38:28,2,5,11883,33004
2023-10-10 15:38:38,2,4,11883,33004
2023-10-10 15:38:39,1,4,11883,33004
2023-10-10 15:38:40,1,4,11883,33028
2023-10-10 15:38:41,2,4,11883,33028
2023-10-10 15:38:43,1,4,11883,33028
2023-10-10 15:39:06,1,3,11883,33028
2023-10-10 15:39:13,1,2,11883,33028
2023-10-10 15:40:02,1,3,11883,33028
2023-10-10 15:40:14,0,3,11883,33028
2023-10-10 15:40:25,0,4,11883,33028
2023-10-10 15:40:25,1,4,11883,33028
2023-10-10 15:40:42,2,4,11883,33028
2023-10-10 15:40:42,2,5,11883,33028
2023-10-10 15:40:59,1,5,11883,33028
2023-10-10 15:41:00,1,4,11883,33028
2023-10-10 15:41:18,1,5,11883,33028
2023-10-10 15:41:20,2,5,11883,33028
2023-10-10 15:41:29,1,5,11883,33028
2023-10-10 15:41:29,1,4,11883,33028
2023-10-10 15:41:50,1,3,11883,33028
2023-10-10 15:41:51,0,3,11883,33028
2023-10-10 15:41:53,1,3,11883,33028
2023-10-10 15:42:00,0,3,11883,33028
2023-10-10 15:43:31,0,2,11883,33028
2023-10-10 15:43:48,0,3,11883,33028
2023-10-10 15:43:49,0,2,11883,33028
2023-10-10 15:44:06,0,3,11883,33028
2023-10-10 15:44:20,1,3,11883,33028
2023-10-10 15:44:21,0,3,11883,33028
2023-10-10 15:44:26,1,3,11883,33028
2023-10-10 15:44:30,0,3,11883,33028
2023-10-10 15:45:04,1,3,11883,33028
2023-10-10 15:45:05,0,3,11883,33028
2023-10-10 15:45:10,1,3,11883,33028
2023-10-10 15:45:12,1,4,11883,33028
2023-10-10 15:45:22,1,3,11883,33028
2023-10-10 15:45:25,1,4,11883,33028
2023-10-10 15:45:26,1,5,11883,33028
2023-10-10 15:45:28,1,4,11883,33028
2023-10-10 15:45:28,1,3,11883,33028
2023-10-10 15:45:32,1,4,11883,33028
2023-10-10 15:45:45,1,3,11883,33028
2023-10-10 15:45:49,0,3,12083,33228
2023-10-10 15:45:49,0,4,12083,33228
2023-10-10 15:45:52,0,3,12083,33228
2023-10-10 15:46:13,0,2,12083,33228
2023-10-10 15:47:56,0,1,12083,33228
2023-10-10 15:55:02,0,1,11956,33358
2023-10-10 15:56:31,0,1,11952,33362
