datetime,bid,ask,open_interest,volume
2023-06-08 09:30:02,4,7,2261,6099
2023-06-08 09:30:14,3,4,2281,6239
2023-06-08 09:30:14,3,7,2281,6239
2023-06-08 09:30:27,3,6,2281,6239
2023-06-08 09:30:37,1,6,2281,6239
2023-06-08 09:30:37,2,6,2281,6239
2023-06-08 09:31:03,6,12,2401,6409
2023-06-08 09:31:03,6,8,2401,6409
2023-06-08 09:31:46,6,8,2251,6559
2023-06-08 09:31:46,8,9,2181,6659
2023-06-08 09:32:07,8,9,2266,6859
2023-06-08 09:32:20,7,9,2266,6859
2023-06-08 09:32:36,8,9,2266,6859
2023-06-08 09:33:29,8,9,2316,6909
2023-06-08 09:33:29,8,9,2416,7009
2023-06-08 09:33:31,9,10,2416,7029
2023-06-08 09:33:31,8,9,2546,7159
2023-06-08 09:33:31,8,10,2546,7159
2023-06-08 09:34:33,8,9,2546,7159
2023-06-08 09:35:35,8,9,2716,7329
2023-06-08 09:36:38,7,8,2896,7509
2023-06-08 09:36:38,7,9,2896,7509
2023-06-08 09:37:01,7,8,2896,7509
2023-06-08 09:37:03,6,8,2896,7509
2023-06-08 09:37:18,7,8,2896,7509
2023-06-08 09:37:43,8,9,2896,7549
2023-06-08 09:37:44,8,9,2941,7594
2023-06-08 09:38:25,7,9,3026,7679
2023-06-08 09:38:25,7,8,3026,7679
2023-06-08 09:39:53,6,7,3026,7699
2023-06-08 09:45:10,5,6,3056,7729
2023-06-08 09:45:12,4,6,2856,7929
2023-06-08 09:45:12,4,6,2676,8429
2023-06-08 09:45:45,4,5,2676,8429
2023-06-08 09:46:46,3,5,2706,8459
2023-06-08 09:46:52,3,4,2706,8459
2023-06-08 09:49:28,4,5,2706,8489
2023-06-08 09:49:53,4,5,2806,8589
2023-06-08 09:51:42,4,5,2866,8649
2023-06-08 09:51:42,4,5,2896,8679
2023-06-08 09:52:49,4,5,2986,8769
2023-06-08 09:54:12,4,5,3001,8784
2023-06-08 09:54:40,3,4,3001,8799
2023-06-08 09:57:05,4,5,3001,8859
2023-06-08 09:57:06,4,5,3031,8889
2023-06-08 09:58:08,4,5,3066,8924
2023-06-08 09:59:22,4,5,3076,8934
2023-06-08 10:04:32,5,6,3076,9024
2023-06-08 10:05:31,6,7,3076,9084
2023-06-08 10:06:08,7,8,3176,9184
2023-06-08 10:06:12,8,9,3261,9269
2023-06-08 10:06:29,8,9,3261,9469
2023-06-08 10:06:34,7,8,3261,9584
2023-06-08 10:06:35,7,9,3261,9584
2023-06-08 10:06:47,7,8,3261,9584
2023-06-08 10:06:54,7,8,3286,9609
2023-06-08 10:07:07,6,7,3316,9644
2023-06-08 10:07:47,5,7,3346,9674
2023-06-08 10:08:07,5,6,3346,9674
2023-06-08 10:08:12,5,6,3361,9719
2023-06-08 10:08:34,6,8,3361,9809
2023-06-08 10:08:34,6,7,3361,9809
2023-06-08 10:09:38,5,6,3361,9839
2023-06-08 10:10:07,6,8,3361,9869
2023-06-08 10:10:29,6,7,3361,9869
2023-06-08 10:10:32,6,8,3361,9869
2023-06-08 10:10:51,6,7,3361,9869
2023-06-08 10:13:07,5,6,3361,9899
2023-06-08 10:14:39,6,7,3361,9974
2023-06-08 10:14:40,5,7,3361,9974
2023-06-08 10:14:41,5,8,3361,9974
2023-06-08 10:14:41,6,8,3361,9974
2023-06-08 10:15:08,7,8,3361,9974
2023-06-08 10:15:08,7,8,3421,10034
2023-06-08 10:16:03,8,9,3421,10124
2023-06-08 10:16:53,8,9,3451,10154
2023-06-08 10:18:03,7,8,3451,10214
2023-06-08 10:18:06,7,9,3451,10214
2023-06-08 10:18:14,7,8,3451,10214
2023-06-08 10:18:56,6,8,3511,10274
2023-06-08 10:21:58,6,7,3511,10274
2023-06-08 10:23:36,7,8,3511,10364
2023-06-08 10:23:59,7,8,3601,10454
2023-06-08 10:24:01,8,9,3701,10644
2023-06-08 10:25:11,8,9,3731,10674
2023-06-08 10:25:11,7,8,3731,10764
2023-06-08 10:26:45,7,8,3731,10770
2023-06-08 10:27:06,6,7,3731,10830
2023-06-08 10:27:17,5,7,3836,10935
2023-06-08 10:27:21,5,6,3836,10935
2023-06-08 10:27:21,5,6,3851,10950
2023-06-08 10:27:40,5,6,3941,11040
2023-06-08 10:27:43,6,7,3941,11130
2023-06-08 10:28:32,7,8,3941,11154
2023-06-08 10:28:32,7,8,3971,11184
2023-06-08 10:30:18,8,9,3971,11232
2023-06-08 10:30:21,8,10,3971,11232
2023-06-08 10:30:22,8,10,4021,11282
2023-06-08 10:32:41,8,9,4021,11282
2023-06-08 10:32:41,8,9,4051,11312
2023-06-08 10:33:50,7,8,4051,11360
2023-06-08 10:33:51,7,8,4081,11390
2023-06-08 10:33:51,7,8,4141,11450
2023-06-08 10:34:30,7,8,4156,11465
2023-06-08 10:36:00,7,8,4186,11495
2023-06-08 10:36:47,6,8,4216,11625
2023-06-08 10:38:23,6,7,4216,11625
2023-06-08 10:38:25,6,7,4261,11670
2023-06-08 10:39:05,6,7,4346,11755
2023-06-08 10:39:05,6,7,4431,11840
2023-06-08 10:39:07,5,6,4431,12002
2023-06-08 10:39:08,5,7,4431,12002
2023-06-08 10:39:08,5,7,4450,12021
2023-06-08 10:39:08,5,6,4450,12021
2023-06-08 10:39:26,5,6,4490,12061
2023-06-08 10:40:37,5,6,4490,12261
2023-06-08 10:41:03,6,7,4490,12301
2023-06-08 10:42:31,7,8,4490,12421
2023-06-08 10:42:32,7,9,4490,12421
2023-06-08 10:42:55,7,8,4490,12421
2023-06-08 10:43:00,7,9,4590,12521
2023-06-08 10:43:30,7,9,4715,12725
2023-06-08 10:43:48,7,10,4715,12725
2023-06-08 10:43:48,9,10,4715,12725
2023-06-08 10:44:29,9,10,4715,12925
2023-06-08 10:45:32,9,11,4724,13125
2023-06-08 10:45:37,10,11,4724,13125
2023-06-08 10:45:38,10,11,4749,13150
2023-06-08 10:46:09,9,10,4749,13270
2023-06-08 10:46:33,9,11,4749,13270
2023-06-08 10:46:34,10,11,4749,13270
2023-06-08 10:47:18,10,12,4749,13495
2023-06-08 10:48:23,10,11,4749,13495
2023-06-08 10:48:24,10,12,4749,13495
2023-06-08 10:49:33,10,11,4749,13495
2023-06-08 10:50:13,9,10,4810,13556
2023-06-08 10:51:10,9,10,4935,13681
2023-06-08 10:52:36,9,10,5010,13756
2023-06-08 10:53:24,9,10,5685,14431
2023-06-08 10:54:38,10,11,6287,15063
2023-06-08 10:54:38,10,11,6319,15095
2023-06-08 10:55:17,11,12,6311,15126
2023-06-08 10:55:17,10,12,6480,15295
2023-06-08 10:55:21,10,13,6480,15295
2023-06-08 10:55:21,10,12,6480,15295
2023-06-08 10:55:56,11,12,6480,15295
2023-06-08 10:56:21,11,13,6480,15295
2023-06-08 10:59:38,11,13,6730,15545
2023-06-08 10:59:38,11,12,6730,15545
2023-06-08 10:59:38,11,12,6780,15595
2023-06-08 10:59:38,11,13,6780,15595
2023-06-08 11:01:53,11,12,6780,15595
2023-06-08 11:01:54,10,12,6810,15625
2023-06-08 11:01:54,10,11,6810,15625
2023-06-08 11:02:11,11,13,6840,15715
2023-06-08 11:02:26,11,12,6840,15715
2023-06-08 11:02:56,11,13,6840,15715
2023-06-08 11:04:54,11,12,6840,15715
2023-06-08 11:05:53,11,13,6840,15715
2023-06-08 11:07:09,11,12,6840,15715
2023-06-08 11:07:09,10,11,6840,15745
2023-06-08 11:09:43,10,12,6840,15805
2023-06-08 11:10:04,11,12,6840,15805
2023-06-08 11:10:18,11,13,6840,15835
2023-06-08 11:10:23,11,14,6840,15835
2023-06-08 11:10:23,12,14,6840,15835
2023-06-08 11:10:37,12,13,6840,15835
2023-06-08 11:11:05,12,14,6840,15835
2023-06-08 11:11:05,12,13,6840,15835
2023-06-08 11:11:23,12,13,6840,16635
2023-06-08 11:14:02,12,14,6840,16635
2023-06-08 11:14:03,12,13,6840,16635
2023-06-08 11:14:07,11,12,6840,16725
2023-06-08 11:14:08,11,13,6840,16725
2023-06-08 11:14:13,11,12,6840,16725
2023-06-08 11:14:46,10,11,6930,16815
2023-06-08 11:14:46,10,12,6930,16815
2023-06-08 11:14:58,11,12,6930,16815
2023-06-08 11:17:38,10,11,6930,16845
2023-06-08 11:17:39,10,12,6930,16845
2023-06-08 11:17:41,10,11,6930,16845
2023-06-08 11:20:30,11,12,6930,16965
2023-06-08 11:21:36,12,13,6930,17085
2023-06-08 11:27:15,11,12,6930,17115
2023-06-08 11:27:18,11,13,6930,17115
2023-06-08 11:27:34,12,13,6930,17115
2023-06-08 11:27:58,11,12,6930,17145
2023-06-08 11:29:23,12,14,6930,17235
2023-06-08 11:29:23,12,13,6930,17235
2023-06-08 11:29:40,12,14,6930,17235
2023-06-08 11:29:40,13,14,6930,17235
2023-06-08 11:29:41,13,14,7180,17485
2023-06-08 11:29:41,13,14,7197,17502
2023-06-08 11:30:24,13,14,7397,17702
2023-06-08 11:30:26,13,15,7397,17702
2023-06-08 11:30:26,14,15,7397,17702
2023-06-08 11:30:50,13,14,7397,17732
2023-06-08 11:35:32,11,13,7397,17762
2023-06-08 11:35:42,11,12,7397,17762
2023-06-08 11:36:16,12,14,7397,17959
2023-06-08 11:36:16,12,13,7397,17959
2023-06-08 11:46:10,11,12,7397,17989
2023-06-08 11:47:54,10,11,7397,18169
2023-06-08 11:48:23,10,11,7397,18225
2023-06-08 11:49:10,11,12,7397,18345
2023-06-08 11:50:43,10,11,7416,18405
2023-06-08 11:50:44,10,12,7416,18405
2023-06-08 11:50:44,10,11,7416,18405
2023-06-08 11:51:57,11,14,7416,18435
2023-06-08 11:51:57,11,12,7416,18435
2023-06-08 11:55:26,11,12,7416,18535
2023-06-08 11:55:28,11,12,7416,18635
2023-06-08 11:55:30,11,13,7416,18671
2023-06-08 11:55:31,11,14,7416,18671
2023-06-08 11:55:31,11,15,7416,18671
2023-06-08 11:55:31,12,15,7416,18671
2023-06-08 11:55:31,12,14,7416,18671
2023-06-08 11:55:55,12,13,7416,18671
2023-06-08 11:56:07,12,14,7417,18672
2023-06-08 11:56:25,12,15,7417,18672
2023-06-08 11:56:25,12,16,7417,18672
2023-06-08 11:56:25,13,16,7417,18672
2023-06-08 11:56:25,13,15,7417,18672
2023-06-08 11:56:31,14,15,7417,18672
2023-06-08 11:57:03,13,14,7472,18727
2023-06-08 11:57:04,13,15,7472,18727
2023-06-08 11:57:07,11,13,7472,18757
2023-06-08 11:59:02,11,12,7472,18757
2023-06-08 11:59:09,10,12,7502,18787
2023-06-08 11:59:10,10,11,7502,18787
2023-06-08 11:59:19,9,10,7502,18817
2023-06-08 12:01:13,9,10,7502,19042
2023-06-08 12:02:10,8,9,7502,19177
2023-06-08 12:02:19,8,9,7502,19237
2023-06-08 12:02:21,7,8,7437,19332
2023-06-08 12:02:37,6,7,7437,19392
2023-06-08 12:02:47,7,10,7437,19422
2023-06-08 12:02:47,7,8,7437,19422
2023-06-08 12:03:31,8,10,7437,19542
2023-06-08 12:03:31,8,9,7437,19542
2023-06-08 12:03:47,9,11,7437,19572
2023-06-08 12:03:47,9,10,7437,19572
2023-06-08 12:04:31,10,12,7437,19602
2023-06-08 12:04:31,10,11,7437,19602
2023-06-08 12:05:09,10,11,7497,19662
2023-06-08 12:05:09,10,12,7497,19662
2023-06-08 12:05:09,10,13,7497,19662
2023-06-08 12:05:10,10,12,7497,19662
2023-06-08 12:05:20,10,12,7697,19862
2023-06-08 12:06:04,11,12,7697,19862
2023-06-08 12:09:18,10,11,7727,19892
2023-06-08 12:09:19,9,11,7757,19922
2023-06-08 12:09:19,9,10,7757,19922
2023-06-08 12:09:57,9,10,7787,20022
2023-06-08 12:10:48,10,11,7767,20042
2023-06-08 12:12:17,11,12,7767,20132
2023-06-08 12:15:38,10,11,7767,20192
2023-06-08 12:16:49,11,12,7767,20222
2023-06-08 12:16:49,12,14,7767,20252
2023-06-08 12:16:49,12,13,7767,20252
2023-06-08 12:18:31,12,14,7767,20252
2023-06-08 12:18:31,12,16,7767,20252
2023-06-08 12:18:31,13,16,7767,20252
2023-06-08 12:18:31,13,15,7767,20252
2023-06-08 12:18:31,13,14,7767,20252
2023-06-08 12:19:12,13,15,7767,20252
2023-06-08 12:19:12,13,17,7767,20252
2023-06-08 12:19:13,14,17,7767,20252
2023-06-08 12:19:13,14,16,7767,20252
2023-06-08 12:20:43,14,16,7767,20402
2023-06-08 12:21:16,14,18,7767,20402
2023-06-08 12:21:16,14,17,7767,20402
2023-06-08 12:21:16,15,17,7767,20402
2023-06-08 12:21:16,16,17,7767,20402
2023-06-08 12:21:33,16,19,7767,20502
2023-06-08 12:21:33,16,18,7767,20502
2023-06-08 12:21:33,17,18,7767,20502
2023-06-08 12:21:33,16,18,7917,20652
2023-06-08 12:21:33,16,17,7917,20652
2023-06-08 12:21:33,18,20,8067,20802
2023-06-08 12:21:33,18,19,8067,20802
2023-06-08 12:21:53,18,20,8067,20802
2023-06-08 12:21:56,20,21,8067,20952
2023-06-08 12:21:56,20,21,8208,21093
2023-06-08 12:22:06,20,21,8408,21293
2023-06-08 12:22:07,18,20,8408,21353
2023-06-08 12:22:18,18,20,8608,21553
2023-06-08 12:22:20,18,20,8808,21753
2023-06-08 12:22:22,18,19,8808,21753
2023-06-08 12:22:22,17,18,8838,21783
2023-06-08 12:22:22,17,19,8838,21783
2023-06-08 12:23:02,17,18,8838,21783
2023-06-08 12:23:40,17,18,8838,21808
2023-06-08 12:26:30,17,18,8883,21908
2023-06-08 12:26:32,17,19,8938,21963
2023-06-08 12:26:43,18,19,8938,21963
2023-06-08 12:26:48,19,21,8938,22023
2023-06-08 12:28:18,19,23,8938,22023
2023-06-08 12:28:18,21,23,8938,22023
2023-06-08 12:28:33,21,25,8938,22023
2023-06-08 12:28:34,23,25,8938,22023
2023-06-08 12:28:34,23,24,8938,22023
2023-06-08 12:28:34,23,24,8968,22053
2023-06-08 12:28:34,23,25,8968,22053
2023-06-08 12:29:01,25,27,8968,22083
2023-06-08 12:29:10,26,27,8968,22083
2023-06-08 12:29:14,28,29,8938,22113
2023-06-08 12:29:17,30,31,9088,22293
2023-06-08 12:29:18,28,29,9088,22313
2023-06-08 12:29:28,28,31,9088,22323
2023-06-08 12:29:28,29,31,9088,22323
2023-06-08 12:29:36,30,31,9088,22323
2023-06-08 12:29:36,30,31,9238,22473
2023-06-08 12:29:56,29,31,9238,22473
2023-06-08 12:29:56,30,31,9238,22473
2023-06-08 12:30:07,30,31,9238,22573
2023-06-08 12:30:09,28,31,9238,22573
2023-06-08 12:30:09,28,29,9238,22573
2023-06-08 12:30:21,28,29,9238,22574
2023-06-08 12:30:35,28,31,9238,22574
2023-06-08 12:30:35,28,30,9238,22574
2023-06-08 12:30:36,29,30,9238,22574
2023-06-08 12:31:52,29,30,9238,22674
2023-06-08 12:31:55,28,30,9238,22694
2023-06-08 12:31:56,28,30,9058,22994
2023-06-08 12:32:00,28,29,9058,22994
2023-06-08 12:32:00,28,29,8958,23094
2023-06-08 12:32:01,26,28,9038,23193
2023-06-08 12:32:01,26,29,9038,23193
2023-06-08 12:32:29,26,28,9038,23193
2023-06-08 12:33:19,27,28,9038,23193
2023-06-08 12:33:24,27,28,9438,23593
2023-06-08 12:34:01,26,27,9438,23624
2023-06-08 12:35:50,26,27,9468,23824
2023-06-08 12:35:51,24,25,9238,24086
2023-06-08 12:36:05,22,23,9238,24119
2023-06-08 12:36:13,22,25,9238,24119
2023-06-08 12:36:13,23,25,9238,24119
2023-06-08 12:36:46,22,23,9238,24149
2023-06-08 12:37:27,21,22,9268,24179
2023-06-08 12:37:27,21,23,9268,24179
2023-06-08 12:37:29,20,21,9268,24209
2023-06-08 12:40:11,20,21,9268,24222
2023-06-08 12:40:31,18,20,9268,24252
2023-06-08 12:41:20,18,19,9268,24252
2023-06-08 12:41:39,18,19,9868,24852
2023-06-08 12:42:39,18,19,9968,24952
2023-06-08 12:42:42,18,19,10068,25052
2023-06-08 12:42:44,18,19,10168,25152
2023-06-08 12:42:46,18,19,10268,25252
2023-06-08 12:42:48,18,20,10268,25282
2023-06-08 12:42:59,19,20,10268,25282
2023-06-08 12:43:15,21,22,10268,25402
2023-06-08 12:45:19,21,22,10268,25502
2023-06-08 12:45:21,19,21,10268,25512
2023-06-08 12:45:57,19,21,10268,25712
2023-06-08 12:45:59,19,21,10168,25812
2023-06-08 12:46:01,19,21,10068,25912
2023-06-08 12:46:03,18,21,10068,25942
2023-06-08 12:47:38,18,20,10068,25942
2023-06-08 12:47:57,18,19,10068,25942
2023-06-08 12:48:01,16,17,10068,25972
2023-06-08 12:48:04,15,17,10068,25972
2023-06-08 12:48:17,14,15,9468,26602
2023-06-08 12:48:23,13,15,9468,26602
2023-06-08 12:48:24,14,15,9468,26602
2023-06-08 12:48:35,15,17,9468,26632
2023-06-08 12:48:35,15,16,9468,26632
2023-06-08 12:52:27,15,17,9468,26662
2023-06-08 12:53:13,17,18,9468,26692
2023-06-08 12:53:44,15,17,9468,26722
2023-06-08 12:54:18,16,17,9468,26722
2023-06-08 12:54:39,17,18,9468,26752
2023-06-08 12:55:28,17,18,10268,27552
2023-06-08 12:55:34,17,20,10268,27752
2023-06-08 12:55:52,18,20,10268,27752
2023-06-08 12:56:32,17,20,10268,27752
2023-06-08 12:56:54,17,19,10268,27752
2023-06-08 13:00:02,17,20,10268,27752
2023-06-08 13:00:03,17,19,10268,27752
2023-06-08 13:02:33,17,20,10268,27752
2023-06-08 13:02:34,18,20,10268,27752
2023-06-08 13:03:04,18,19,10268,27752
2023-06-08 13:06:00,18,20,10268,27752
2023-06-08 13:06:38,18,19,10268,27752
2023-06-08 13:06:53,18,20,10268,27752
2023-06-08 13:07:30,18,19,10268,27752
2023-06-08 13:08:04,17,19,10298,27782
2023-06-08 13:10:01,18,19,10298,27782
2023-06-08 13:10:03,18,19,10598,28082
2023-06-08 13:10:34,17,19,10598,28082
2023-06-08 13:10:38,18,19,10598,28082
2023-06-08 13:10:58,17,19,10598,28082
2023-06-08 13:15:41,16,17,10628,28112
2023-06-08 13:18:59,18,19,10628,28172
2023-06-08 13:20:19,19,20,10628,28232
2023-06-08 13:20:30,18,20,10628,28232
2023-06-08 13:20:36,18,19,10628,28232
2023-06-08 13:20:52,17,18,10658,28262
2023-06-08 13:20:52,17,19,10658,28262
2023-06-08 13:20:53,17,18,10658,28262
2023-06-08 13:21:00,16,18,10658,28292
2023-06-08 13:21:04,16,19,10658,28292
2023-06-08 13:21:04,16,18,10658,28292
2023-06-08 13:21:49,16,17,10658,28292
2023-06-08 13:21:54,14,16,10704,28338
2023-06-08 13:21:56,12,16,10704,28338
2023-06-08 13:21:56,12,15,10704,28338
2023-06-08 13:22:26,12,14,10704,28338
2023-06-08 13:22:31,12,15,10704,28338
2023-06-08 13:22:49,12,14,10704,28338
2023-06-08 13:22:49,12,13,10704,28338
2023-06-08 13:23:22,12,13,10431,28671
2023-06-08 13:23:24,11,13,10431,28671
2023-06-08 13:23:34,10,11,10561,28801
2023-06-08 13:24:18,9,10,11621,29861
2023-06-08 13:24:28,9,10,11721,30061
2023-06-08 13:24:38,9,10,11721,30261
2023-06-08 13:24:41,9,10,11821,30361
2023-06-08 13:24:41,10,13,11731,30451
2023-06-08 13:24:41,9,13,11731,30451
2023-06-08 13:24:42,10,13,11731,30451
2023-06-08 13:24:59,11,13,11731,30451
2023-06-08 13:25:03,12,13,11731,30451
2023-06-08 13:25:13,11,13,11731,30451
2023-06-08 13:26:01,11,12,11731,30451
2023-06-08 13:26:37,11,12,11831,30551
2023-06-08 13:26:39,11,12,11931,30651
2023-06-08 13:26:41,11,12,11984,30751
2023-06-08 13:26:42,11,14,11984,30764
2023-06-08 13:26:53,12,14,11984,30764
2023-06-08 13:29:13,12,13,11984,30764
2023-06-08 13:29:14,12,14,11984,30764
2023-06-08 13:29:15,12,13,11984,30764
2023-06-08 13:29:28,11,12,11984,30794
2023-06-08 13:31:23,10,11,11984,30824
2023-06-08 13:32:41,9,10,12044,30884
2023-06-08 13:33:22,9,10,11944,31084
2023-06-08 13:33:23,9,10,11944,31154
2023-06-08 13:33:23,7,9,11914,31244
2023-06-08 13:34:26,8,9,11914,31244
2023-06-08 13:35:45,8,9,11922,31252
2023-06-08 13:35:45,7,8,11922,31274
2023-06-08 13:36:50,8,9,11832,31364
2023-06-08 13:36:51,7,9,11832,31364
2023-06-08 13:37:33,8,9,11832,31364
2023-06-08 13:37:34,7,9,11832,31364
2023-06-08 13:37:39,8,9,11832,31364
2023-06-08 13:39:25,7,8,11832,31394
2023-06-08 13:40:01,6,8,11832,31424
2023-06-08 13:40:17,6,7,11832,31424
2023-06-08 13:40:51,5,7,11832,31454
2023-06-08 13:40:56,5,6,11832,31454
2023-06-08 13:43:43,6,7,11832,31514
2023-06-08 13:44:58,6,7,11836,31518
2023-06-08 13:45:15,5,6,11862,31544
2023-06-08 13:45:23,5,6,11896,31578
2023-06-08 13:45:23,5,6,11930,31612
2023-06-08 13:45:23,5,6,11990,31672
2023-06-08 13:45:23,5,6,12040,31732
2023-06-08 13:45:47,4,6,12040,31762
2023-06-08 13:46:18,4,5,12040,31762
2023-06-08 13:47:02,3,4,12520,32242
2023-06-08 13:47:33,3,4,12520,32442
2023-06-08 13:47:55,4,5,12400,32562
2023-06-08 13:47:55,3,5,12400,32562
2023-06-08 13:47:58,4,5,12400,32562
2023-06-08 13:49:40,3,4,12430,32592
2023-06-08 13:49:48,4,5,12400,32692
2023-06-08 13:49:48,3,5,12400,32692
2023-06-08 13:49:55,4,5,12400,32692
2023-06-08 13:51:17,4,5,12500,32792
2023-06-08 13:51:18,4,5,12900,33192
2023-06-08 13:51:19,4,5,13000,33292
2023-06-08 13:51:21,4,5,13100,33392
2023-06-08 13:51:22,4,5,13200,33492
2023-06-08 13:51:24,4,5,13300,33592
2023-06-08 13:51:26,4,7,13400,33692
2023-06-08 13:51:38,5,7,13400,33692
2023-06-08 13:51:39,5,6,13400,33692
2023-06-08 13:51:39,5,7,13400,33692
2023-06-08 13:51:41,5,8,13400,33692
2023-06-08 13:52:25,5,7,13400,33692
2023-06-08 13:52:31,5,7,13600,33892
2023-06-08 13:52:31,5,8,13600,33892
2023-06-08 13:53:15,5,9,13600,33892
2023-06-08 13:53:23,6,9,13600,33892
2023-06-08 13:53:23,6,8,13600,33892
2023-06-08 13:54:00,6,7,13600,33892
2023-06-08 13:54:10,5,7,13630,33922
2023-06-08 13:54:19,5,6,13630,33922
2023-06-08 13:54:45,4,6,13709,34001
2023-06-08 13:56:03,5,6,13709,34001
2023-06-08 13:56:54,4,6,13709,34001
2023-06-08 13:56:55,5,6,13709,34001
2023-06-08 13:57:32,4,6,13709,34001
2023-06-08 13:58:05,4,5,13709,34001
2023-06-08 13:58:06,5,6,13709,34002
2023-06-08 13:58:06,4,6,13709,34002
2023-06-08 14:00:01,5,6,13709,34002
2023-06-08 14:00:06,5,7,13709,34062
2023-06-08 14:02:10,6,7,13709,34062
2023-06-08 14:02:29,6,7,13749,34162
2023-06-08 14:02:30,6,8,13749,34162
2023-06-08 14:02:37,6,8,13939,34352
2023-06-08 14:02:37,5,8,14129,34542
2023-06-08 14:02:37,5,8,14129,34542
2023-06-08 14:02:37,5,7,14129,34542
2023-06-08 14:02:38,5,7,14129,34642
2023-06-08 14:02:40,5,8,14129,34692
2023-06-08 14:02:43,6,8,14129,34692
2023-06-08 14:02:43,6,8,14136,34699
2023-06-08 14:02:45,6,7,14136,34699
2023-06-08 14:02:46,6,7,14386,34949
2023-06-08 14:02:46,6,7,14386,35049
2023-06-08 14:02:48,6,8,14386,35099
2023-06-08 14:06:32,6,7,14386,35099
2023-06-08 14:07:06,5,6,14361,35124
2023-06-08 14:07:14,4,6,14361,35124
2023-06-08 14:07:34,4,6,14361,35130
2023-06-08 14:07:34,4,5,14361,35130
2023-06-08 14:07:35,4,6,14361,35130
2023-06-08 14:08:41,4,6,15026,37555
2023-06-08 14:08:41,5,6,15026,37555
2023-06-08 14:09:03,4,5,15304,37833
2023-06-08 14:09:05,4,5,15404,37933
2023-06-08 14:09:08,4,5,15504,38033
2023-06-08 14:09:10,4,5,15604,38133
2023-06-08 14:09:11,4,5,15704,38233
2023-06-08 14:09:13,4,5,15804,38333
2023-06-08 14:09:15,4,6,15876,38405
2023-06-08 14:10:19,3,6,15876,38405
2023-06-08 14:11:04,3,5,15876,38405
2023-06-08 14:11:05,3,6,15876,38405
2023-06-08 14:11:29,4,6,15876,38405
2023-06-08 14:11:46,3,6,15876,38405
2023-06-08 14:12:01,4,6,15876,38405
2023-06-08 14:14:21,5,6,15876,38405
2023-06-08 14:14:47,5,7,15876,38435
2023-06-08 14:14:55,5,6,15876,38435
2023-06-08 14:14:57,5,6,16026,38585
2023-06-08 14:14:59,5,6,16176,38735
2023-06-08 14:15:00,5,6,16326,38885
2023-06-08 14:15:02,5,6,16476,39035
2023-06-08 14:15:06,5,6,16626,39185
2023-06-08 14:15:08,5,6,16776,39335
2023-06-08 14:15:10,5,8,16876,39435
2023-06-08 14:15:31,5,7,16876,39435
2023-06-08 14:15:52,5,7,16976,39535
2023-06-08 14:16:06,5,7,17126,39685
2023-06-08 14:16:07,5,7,17276,39835
2023-06-08 14:16:09,5,7,17426,39985
2023-06-08 14:16:12,5,7,17576,40135
2023-06-08 14:16:13,6,7,17576,40135
2023-06-08 14:16:13,6,7,17726,40285
2023-06-08 14:16:15,6,8,17876,40435
2023-06-08 14:16:27,6,9,17901,40460
2023-06-08 14:16:29,7,9,17901,40460
2023-06-08 14:17:00,7,9,17902,40461
2023-06-08 14:17:05,8,9,17902,40461
2023-06-08 14:17:12,7,9,17902,40461
2023-06-08 14:17:24,7,8,17902,40461
2023-06-08 14:18:31,7,10,17902,40461
2023-06-08 14:18:31,7,9,17902,40461
2023-06-08 14:19:15,8,9,17902,40461
2023-06-08 14:19:47,8,10,17902,40491
2023-06-08 14:19:52,9,10,17902,40491
2023-06-08 14:21:35,8,10,18010,40599
2023-06-08 14:21:35,8,9,18010,40599
2023-06-08 14:22:31,8,10,18010,40649
2023-06-08 14:23:29,8,9,18010,40649
2023-06-08 14:24:33,8,10,18010,40749
2023-06-08 14:24:49,9,10,18010,40749
2023-06-08 14:30:05,9,11,18010,40779
2023-06-08 14:30:06,10,11,18010,40779
2023-06-08 14:30:30,10,12,18010,40809
2023-06-08 14:30:30,11,12,18010,40809
2023-06-08 14:30:50,11,12,18010,40959
2023-06-08 14:30:52,11,13,18010,40989
2023-06-08 14:31:00,11,14,18010,40989
2023-06-08 14:31:00,11,15,18010,40989
2023-06-08 14:31:00,11,14,18010,40989
2023-06-08 14:31:33,11,15,18010,40989
2023-06-08 14:31:33,12,15,18010,40989
2023-06-08 14:31:55,13,15,18010,40989
2023-06-08 14:32:52,13,17,18010,40989
2023-06-08 14:32:53,13,16,18010,40989
2023-06-08 14:32:53,14,16,18010,40989
2023-06-08 14:33:06,15,16,18010,40989
2023-06-08 14:34:14,14,16,18020,40999
2023-06-08 14:34:14,14,15,18020,40999
2023-06-08 14:34:22,12,15,18020,40999
2023-06-08 14:34:46,13,15,18020,40999
2023-06-08 14:35:03,14,15,18020,40999
2023-06-08 14:36:44,14,16,18020,41009
2023-06-08 14:36:45,15,16,18020,41009
2023-06-08 14:36:55,14,16,18020,41009
2023-06-08 14:37:38,15,16,18020,41009
2023-06-08 14:38:10,15,17,18020,41049
2023-06-08 14:38:13,15,17,18120,41149
2023-06-08 14:38:14,15,16,18120,41149
2023-06-08 14:38:26,15,16,18128,41157
2023-06-08 14:38:30,14,15,18128,41159
2023-06-08 14:42:08,14,16,18128,41169
2023-06-08 14:42:08,15,16,18128,41169
2023-06-08 14:42:13,15,17,18128,41169
2023-06-08 14:42:44,16,17,18128,41169
2023-06-08 14:43:36,16,17,18128,41369
2023-06-08 14:43:43,16,19,18128,41369
2023-06-08 14:43:43,16,18,18128,41369
2023-06-08 14:43:55,16,19,18128,41369
2023-06-08 14:43:55,16,17,18128,41369
2023-06-08 14:43:58,16,19,18128,41369
2023-06-08 14:43:58,16,18,18128,41369
2023-06-08 14:44:06,16,19,18128,41369
2023-06-08 14:44:06,16,17,18128,41369
2023-06-08 14:44:09,16,19,18128,41369
2023-06-08 14:44:09,16,18,18128,41369
2023-06-08 14:44:34,17,18,18128,41369
2023-06-08 14:45:49,17,19,18128,41369
2023-06-08 14:46:03,17,18,18128,41369
2023-06-08 14:46:08,16,17,18128,41379
2023-06-08 14:46:35,15,17,18128,41379
2023-06-08 14:46:35,15,16,18128,41379
2023-06-08 14:47:03,14,15,18138,41389
2023-06-08 14:48:01,13,14,18138,41399
2023-06-08 14:48:25,13,15,18138,41419
2023-06-08 14:48:29,13,14,18138,41419
2023-06-08 14:48:31,13,15,18138,41419
2023-06-08 14:48:43,13,14,18138,41419
2023-06-08 14:48:58,13,15,18138,41428
2023-06-08 14:49:25,13,15,18258,41548
2023-06-08 14:49:29,12,15,18258,41548
2023-06-08 14:49:29,12,14,18258,41548
2023-06-08 14:49:39,12,14,18258,41569
2023-06-08 14:50:36,12,14,18258,41819
2023-06-08 14:50:57,12,15,18299,42069
2023-06-08 14:50:57,12,14,18299,42069
2023-06-08 14:50:57,13,14,18299,42069
2023-06-08 14:51:45,13,16,18299,42069
2023-06-08 14:51:45,13,15,18299,42069
2023-06-08 14:51:45,14,15,18299,42069
2023-06-08 14:52:33,14,15,18259,42110
2023-06-08 14:52:39,14,17,18259,42110
2023-06-08 14:52:39,14,18,18259,42110
2023-06-08 14:52:39,14,17,18259,42110
2023-06-08 14:52:39,14,18,18259,42110
2023-06-08 14:52:40,15,17,18259,42110
2023-06-08 14:52:49,16,17,18259,42110
2023-06-08 14:52:49,16,17,18269,42120
2023-06-08 14:52:49,16,18,18269,42120
2023-06-08 14:52:52,16,17,18269,42120
2023-06-08 14:53:12,14,17,18269,42120
2023-06-08 14:53:12,14,16,18269,42120
2023-06-08 14:53:13,14,15,18269,42120
2023-06-08 14:54:37,13,15,18269,42120
2023-06-08 14:54:38,13,16,18269,42120
2023-06-08 14:54:38,13,14,18269,42120
2023-06-08 14:55:03,13,16,18269,42120
2023-06-08 14:55:03,13,15,18269,42120
2023-06-08 14:55:16,14,15,18269,42120
2023-06-08 14:55:22,14,16,18269,42120
2023-06-08 14:55:41,15,16,18269,42120
2023-06-08 14:55:50,15,17,18269,42120
2023-06-08 14:56:43,15,18,18269,42120
2023-06-08 14:56:43,15,16,18269,42120
2023-06-08 14:57:08,14,16,18269,42130
2023-06-08 14:57:10,14,15,18269,42130
2023-06-08 14:57:12,12,15,18269,42130
2023-06-08 14:57:29,13,15,18269,42130
2023-06-08 14:57:46,12,15,18269,42140
2023-06-08 14:58:05,13,15,18269,42140
2023-06-08 14:58:17,12,15,18269,42140
2023-06-08 14:59:02,13,15,18269,42140
2023-06-08 14:59:31,12,15,18269,42140
2023-06-08 15:00:07,13,15,18269,42140
2023-06-08 15:00:13,12,15,18269,42140
2023-06-08 15:00:16,13,15,18269,42140
2023-06-08 15:00:17,14,15,18269,42140
2023-06-08 15:00:30,13,15,18269,42140
2023-06-08 15:00:31,12,15,18269,42140
2023-06-08 15:00:32,12,16,18269,42160
2023-06-08 15:00:45,13,16,18269,42160
2023-06-08 15:00:53,14,16,18269,42160
2023-06-08 15:00:57,13,16,18269,42160
2023-06-08 15:01:00,13,16,18269,42240
2023-06-08 15:01:15,13,16,18269,42340
2023-06-08 15:01:28,13,15,18269,42340
2023-06-08 15:01:50,13,14,18269,42340
2023-06-08 15:01:55,12,14,18269,42350
2023-06-08 15:02:14,13,14,18269,42350
2023-06-08 15:02:19,12,14,18269,42350
2023-06-08 15:02:47,10,14,18269,42360
2023-06-08 15:02:54,11,14,18269,42360
2023-06-08 15:03:01,12,14,18269,42360
2023-06-08 15:03:04,13,14,18269,42360
2023-06-08 15:03:26,12,14,18269,42360
2023-06-08 15:03:39,13,14,18269,42360
2023-06-08 15:03:43,13,16,18249,42380
2023-06-08 15:04:09,13,15,18249,42380
2023-06-08 15:04:12,13,16,18249,42380
2023-06-08 15:04:55,13,15,18249,42380
2023-06-08 15:04:55,12,15,18249,42390
2023-06-08 15:04:58,12,14,18249,42390
2023-06-08 15:05:42,11,14,18149,42500
2023-06-08 15:05:59,11,13,18149,42500
2023-06-08 15:06:00,11,12,18149,42500
2023-06-08 15:06:03,10,12,18425,42776
2023-06-08 15:06:04,10,11,18425,42776
2023-06-08 15:06:22,11,13,18395,42806
2023-06-08 15:06:22,10,13,18395,42806
2023-06-08 15:06:22,11,13,18395,42806
2023-06-08 15:06:38,12,13,18395,42806
2023-06-08 15:07:55,12,13,18410,42821
2023-06-08 15:08:01,13,15,18380,42851
2023-06-08 15:08:01,12,15,18380,42851
2023-06-08 15:08:01,14,15,18380,42851
2023-06-08 15:08:08,14,16,18380,43001
2023-06-08 15:08:38,14,15,18380,43001
2023-06-08 15:08:40,13,15,18380,43001
2023-06-08 15:08:46,13,14,18380,43001
2023-06-08 15:08:51,13,15,18380,43001
2023-06-08 15:08:51,13,16,18380,43001
2023-06-08 15:09:04,13,15,18380,43001
2023-06-08 15:09:09,13,16,18380,43001
2023-06-08 15:10:00,14,16,18380,43001
2023-06-08 15:10:02,14,17,18380,43001
2023-06-08 15:10:02,15,17,18380,43001
2023-06-08 15:10:07,14,18,18380,43001
2023-06-08 15:10:13,15,18,18380,43001
2023-06-08 15:10:29,16,18,18380,43001
2023-06-08 15:10:34,15,18,18380,43001
2023-06-08 15:10:50,16,18,18380,43001
2023-06-08 15:11:20,17,18,18380,43001
2023-06-08 15:11:29,17,20,18380,43001
2023-06-08 15:11:36,17,19,18380,43001
2023-06-08 15:11:41,17,19,18230,43151
2023-06-08 15:11:42,17,18,18230,43151
2023-06-08 15:11:42,17,18,18230,43301
2023-06-08 15:11:43,17,19,18230,43301
2023-06-08 15:11:43,16,19,18225,43316
2023-06-08 15:11:50,16,20,18225,43316
2023-06-08 15:11:53,17,20,18225,43316
2023-06-08 15:12:01,18,20,18225,43316
2023-06-08 15:12:03,17,20,18225,43316
2023-06-08 15:12:18,18,20,18225,43316
2023-06-08 15:12:40,20,21,18215,43326
2023-06-08 15:12:59,20,21,18215,43327
2023-06-08 15:13:02,20,22,18305,43427
2023-06-08 15:13:12,20,21,18305,43427
2023-06-08 15:13:19,19,21,18216,43526
2023-06-08 15:13:30,19,20,18216,43526
2023-06-08 15:13:36,18,19,18226,43536
2023-06-08 15:13:36,18,20,18226,43536
2023-06-08 15:13:56,18,19,18226,43536
2023-06-08 15:13:58,17,18,18236,43546
2023-06-08 15:13:59,17,19,18236,43546
2023-06-08 15:14:00,17,20,18236,43546
2023-06-08 15:14:00,18,20,18236,43546
2023-06-08 15:14:01,17,18,18236,43636
2023-06-08 15:14:01,17,20,18236,43636
2023-06-08 15:14:04,17,18,18236,43636
2023-06-08 15:14:11,15,17,18346,43746
2023-06-08 15:14:11,15,18,18346,43746
2023-06-08 15:14:18,14,18,18346,43746
2023-06-08 15:14:31,14,17,18346,43746
2023-06-08 15:14:45,14,16,18346,43746
2023-06-08 15:14:50,12,16,18346,43746
2023-06-08 15:14:51,12,15,18346,43746
2023-06-08 15:15:01,11,12,18356,43756
2023-06-08 15:15:44,11,15,18356,43776
2023-06-08 15:15:50,12,15,18356,43776
2023-06-08 15:15:53,13,15,18356,43776
2023-06-08 15:16:32,15,16,18396,43836
2023-06-08 15:16:34,13,15,18536,43976
2023-06-08 15:16:34,13,16,18536,43976
2023-06-08 15:16:34,13,15,18536,43976
2023-06-08 15:16:41,14,15,18536,43976
2023-06-08 15:16:43,14,16,18536,43976
2023-06-08 15:16:53,14,17,18536,43976
2023-06-08 15:16:53,14,15,18536,43976
2023-06-08 15:17:18,13,14,18546,43986
2023-06-08 15:17:18,13,15,18546,43986
2023-06-08 15:17:18,13,14,18546,43986
2023-06-08 15:17:18,13,15,18546,43986
2023-06-08 15:17:24,13,14,18546,43986
2023-06-08 15:17:39,13,15,18546,43986
2023-06-08 15:17:39,13,14,18546,43986
2023-06-08 15:18:11,12,13,18556,43996
2023-06-08 15:18:11,12,14,18556,43996
2023-06-08 15:18:34,12,14,18715,44196
2023-06-08 15:18:34,12,13,18715,44196
2023-06-08 15:18:35,11,12,18766,44247
2023-06-08 15:18:35,11,13,18766,44247
2023-06-08 15:18:45,10,11,18776,44297
2023-06-08 15:18:45,10,13,18776,44297
2023-06-08 15:18:53,10,12,18776,44297
2023-06-08 15:19:05,9,12,18776,44307
2023-06-08 15:19:10,9,11,18776,44307
2023-06-08 15:19:17,8,9,18820,44366
2023-06-08 15:19:48,8,11,18790,45337
2023-06-08 15:20:00,9,11,18790,45337
2023-06-08 15:20:10,10,11,18790,45337
2023-06-08 15:20:34,11,12,18770,45357
2023-06-08 15:20:42,10,11,18770,45403
2023-06-08 15:20:42,10,12,18770,45403
2023-06-08 15:20:42,10,11,18770,45403
2023-06-08 15:20:42,10,12,18770,45403
2023-06-08 15:21:15,9,10,19112,45745
2023-06-08 15:21:40,10,13,19102,45755
2023-06-08 15:21:46,10,12,19102,45755
2023-06-08 15:22:37,11,12,19102,45755
2023-06-08 15:22:49,11,15,19102,45765
2023-06-08 15:22:49,11,14,19102,45765
2023-06-08 15:22:52,11,13,19102,45765
2023-06-08 15:23:38,11,16,19102,45765
2023-06-08 15:23:38,12,16,19102,45765
2023-06-08 15:23:42,13,16,19102,45765
2023-06-08 15:23:50,13,17,19102,45765
2023-06-08 15:23:50,13,16,19102,45765
2023-06-08 15:24:23,12,16,19112,45775
2023-06-08 15:24:43,13,16,19112,45775
2023-06-08 15:24:48,14,16,19112,45775
2023-06-08 15:25:13,11,16,19112,45775
2023-06-08 15:25:14,11,15,19112,45775
2023-06-08 15:25:40,11,14,19112,45775
2023-06-08 15:25:55,12,14,19112,45775
2023-06-08 15:26:24,12,13,19112,45775
2023-06-08 15:26:24,12,14,19112,45775
2023-06-08 15:26:25,12,13,19112,45775
2023-06-08 15:26:25,11,12,19122,45785
2023-06-08 15:26:46,11,12,19122,45786
2023-06-08 15:26:47,10,12,19132,45796
2023-06-08 15:26:47,10,12,19132,45806
2023-06-08 15:27:34,9,10,19142,45816
2023-06-08 15:28:08,8,10,19142,45816
2023-06-08 15:29:40,9,10,19142,45816
2023-06-08 15:30:09,8,10,19142,45816
2023-06-08 15:30:10,8,9,19142,45816
2023-06-08 15:30:24,5,9,19142,45816
2023-06-08 15:30:29,5,8,19142,45816
2023-06-08 15:30:49,6,8,19142,45816
2023-06-08 15:31:03,7,8,19142,45816
2023-06-08 15:31:05,7,9,19132,45826
2023-06-08 15:32:55,8,9,19132,45826
2023-06-08 15:33:01,7,9,19132,45826
2023-06-08 15:33:09,7,8,19132,45826
2023-06-08 15:34:08,7,9,19132,45826
2023-06-08 15:34:13,7,8,19132,45826
2023-06-08 15:34:14,7,9,19132,45826
2023-06-08 15:34:20,6,9,19132,45836
2023-06-08 15:35:05,6,8,19132,45836
2023-06-08 15:35:10,6,9,19132,45836
2023-06-08 15:36:02,6,8,19132,45836
2023-06-08 15:37:59,6,9,19132,45846
2023-06-08 15:38:20,7,9,19132,45846
2023-06-08 15:38:21,6,9,19132,45846
2023-06-08 15:38:24,6,10,19132,45866
2023-06-08 15:38:27,6,11,19262,46026
2023-06-08 15:38:27,6,10,19262,46026
2023-06-08 15:38:27,8,10,19262,46026
2023-06-08 15:38:34,6,10,19262,46026
2023-06-08 15:38:34,6,9,19262,46026
2023-06-08 15:38:34,7,9,19262,46026
2023-06-08 15:38:44,7,10,19262,46026
2023-06-08 15:38:44,7,9,19262,46026
2023-06-08 15:38:48,7,10,19262,46026
2023-06-08 15:38:48,7,9,19262,46026
2023-06-08 15:38:51,6,9,19272,46076
2023-06-08 15:39:01,6,10,19322,46126
2023-06-08 15:39:01,6,9,19322,46126
2023-06-08 15:39:01,7,9,19322,46126
2023-06-08 15:39:03,7,8,19322,46126
2023-06-08 15:39:07,7,9,19322,46126
2023-06-08 15:39:18,7,8,19322,46142
2023-06-08 15:39:18,6,8,19332,46182
2023-06-08 15:39:19,6,11,19332,46192
2023-06-08 15:39:19,6,10,19332,46192
2023-06-08 15:39:23,6,9,19332,46192
2023-06-08 15:39:27,6,10,19332,46192
2023-06-08 15:39:33,9,10,19332,46192
2023-06-08 15:39:37,6,9,19342,46202
2023-06-08 15:39:37,6,10,19342,46202
2023-06-08 15:40:08,6,9,19342,46202
2023-06-08 15:40:10,6,10,19342,46202
2023-06-08 15:40:22,6,8,19342,46202
2023-06-08 15:40:58,7,8,19342,46202
2023-06-08 15:42:02,8,10,19342,46212
2023-06-08 15:42:22,6,10,19362,46232
2023-06-08 15:42:27,7,10,19362,46232
2023-06-08 15:42:32,8,10,19362,46232
2023-06-08 15:42:34,7,10,19362,46232
2023-06-08 15:43:00,8,10,19362,46232
2023-06-08 15:43:02,7,10,19362,46232
2023-06-08 15:43:35,8,10,19362,46232
2023-06-08 15:43:47,8,11,19362,46242
2023-06-08 15:43:51,9,11,19362,46242
2023-06-08 15:43:58,8,11,19362,46242
2023-06-08 15:44:20,9,11,19362,46242
2023-06-08 15:44:25,10,11,19362,46242
2023-06-08 15:44:32,11,12,19352,46252
2023-06-08 15:44:32,10,12,19352,46252
2023-06-08 15:44:33,11,12,19352,46252
2023-06-08 15:44:38,12,13,19332,46272
2023-06-08 15:44:38,11,13,19332,46272
2023-06-08 15:44:38,12,13,19332,46272
2023-06-08 15:44:43,13,14,19312,46292
2023-06-08 15:44:43,12,14,19312,46292
2023-06-08 15:45:22,8,14,19312,46292
2023-06-08 15:45:25,8,13,19312,46292
2023-06-08 15:45:36,8,12,19312,46292
2023-06-08 15:45:42,8,11,19312,46292
2023-06-08 15:45:43,8,12,19312,46292
2023-06-08 15:45:52,8,11,19312,46292
2023-06-08 15:45:58,8,13,19312,46292
2023-06-08 15:45:58,8,12,19312,46292
2023-06-08 15:46:07,8,13,19312,46292
2023-06-08 15:46:07,8,12,19312,46292
2023-06-08 15:46:14,7,12,19312,46292
2023-06-08 15:46:15,7,11,19312,46292
2023-06-08 15:46:16,7,10,19312,46292
2023-06-08 15:46:18,7,11,19312,46292
2023-06-08 15:46:49,7,12,19312,46292
2023-06-08 15:46:54,7,13,19312,46292
2023-06-08 15:46:54,7,12,19312,46292
2023-06-08 15:47:15,8,12,19312,46292
2023-06-08 15:47:22,8,15,19312,46292
2023-06-08 15:47:24,8,14,19312,46292
2023-06-08 15:47:30,8,15,19312,46292
2023-06-08 15:47:32,8,14,19312,46292
2023-06-08 15:47:34,8,15,19312,46292
2023-06-08 15:47:38,8,14,19312,46292
2023-06-08 15:47:39,9,14,19312,46292
2023-06-08 15:47:39,9,15,19312,46292
2023-06-08 15:47:43,9,16,19312,46292
2023-06-08 15:47:43,9,15,19312,46292
2023-06-08 15:47:54,9,14,19312,46292
2023-06-08 15:47:58,9,15,19312,46292
2023-06-08 15:48:06,9,14,19312,46292
2023-06-08 15:48:28,10,14,19312,46292
2023-06-08 15:48:36,10,17,19312,46292
2023-06-08 15:48:42,11,17,19312,46292
2023-06-08 15:48:44,11,18,19312,46292
2023-06-08 15:48:45,10,18,19312,46292
2023-06-08 15:48:45,10,17,19312,46292
2023-06-08 15:48:48,11,17,19312,46292
2023-06-08 15:48:52,12,17,19312,46292
2023-06-08 15:48:53,11,17,19312,46292
2023-06-08 15:49:00,12,17,19312,46292
2023-06-08 15:49:09,12,17,19363,46502
2023-06-08 15:49:13,11,17,19403,46542
2023-06-08 15:49:13,11,16,19403,46542
2023-06-08 15:49:13,11,17,19403,46542
2023-06-08 15:49:13,11,15,19403,46542
2023-06-08 15:49:20,12,15,19403,46542
2023-06-08 15:49:20,13,15,19403,46542
2023-06-08 15:49:20,14,15,19403,46542
2023-06-08 15:49:21,14,20,19403,46582
2023-06-08 15:49:21,14,18,19403,46582
2023-06-08 15:49:21,14,20,19403,46582
2023-06-08 15:49:21,14,19,19403,46582
2023-06-08 15:49:22,13,19,19403,46582
2023-06-08 15:49:22,13,17,19403,46582
2023-06-08 15:49:24,14,17,19403,46582
2023-06-08 15:49:24,14,21,19403,46582
2023-06-08 15:49:24,14,20,19403,46582
2023-06-08 15:49:24,14,18,19403,46582
2023-06-08 15:49:25,14,21,19403,46582
2023-06-08 15:49:25,14,20,19403,46582
2023-06-08 15:49:25,13,20,19403,46582
2023-06-08 15:49:25,13,17,19403,46582
2023-06-08 15:49:26,14,17,19403,46582
2023-06-08 15:49:28,14,18,19403,46582
2023-06-08 15:49:29,14,17,19403,46582
2023-06-08 15:49:32,14,16,19403,46582
2023-06-08 15:49:32,14,17,19403,46622
2023-06-08 15:49:38,14,18,19403,46662
2023-06-08 15:49:42,11,18,19403,46662
2023-06-08 15:49:43,11,19,19443,46742
2023-06-08 15:49:44,14,19,19443,46742
2023-06-08 15:49:47,10,19,19443,46742
2023-06-08 15:49:47,9,19,19443,46742
2023-06-08 15:49:47,14,17,19443,46742
2023-06-08 15:49:49,14,18,19443,46742
2023-06-08 15:49:49,14,19,19443,46742
2023-06-08 15:49:50,15,19,19443,46742
2023-06-08 15:49:50,15,19,19433,46752
2023-06-08 15:49:50,14,19,19433,46752
2023-06-08 15:49:50,16,19,19433,46752
2023-06-08 15:49:51,17,19,19433,46752
2023-06-08 15:50:02,17,27,19473,47056
2023-06-08 15:50:02,17,22,19473,47056
2023-06-08 15:50:02,17,26,19473,47056
2023-06-08 15:50:02,17,25,19473,47056
2023-06-08 15:50:04,17,24,19473,47056
2023-06-08 15:50:04,17,23,19473,47056
2023-06-08 15:50:06,17,24,19473,47056
2023-06-08 15:50:06,19,24,19473,47056
2023-06-08 15:50:06,20,24,19473,47056
2023-06-08 15:50:07,21,24,19473,47056
2023-06-08 15:50:07,22,24,19473,47056
2023-06-08 15:50:08,20,24,19473,47056
2023-06-08 15:50:09,23,24,19473,47056
2023-06-08 15:50:10,23,27,19473,47056
2023-06-08 15:50:11,23,26,19473,47056
2023-06-08 15:50:11,20,26,19473,47056
2023-06-08 15:50:11,20,27,19473,47056
2023-06-08 15:50:11,20,26,19473,47056
2023-06-08 15:50:11,21,26,19473,47056
2023-06-08 15:50:11,21,24,19473,47056
2023-06-08 15:50:12,24,27,19470,47059
2023-06-08 15:50:12,24,26,19470,47059
2023-06-08 15:50:12,21,26,19470,47059
2023-06-08 15:50:12,25,26,19470,47059
2023-06-08 15:50:12,25,26,19470,47069
2023-06-08 15:50:13,21,26,19470,47069
2023-06-08 15:50:13,20,26,19470,47069
2023-06-08 15:50:13,24,26,19470,47069
2023-06-08 15:50:14,24,27,19470,47069
2023-06-08 15:50:14,24,26,19470,47069
2023-06-08 15:50:16,20,26,19470,47069
2023-06-08 15:50:16,25,26,19470,47069
2023-06-08 15:50:19,20,24,19453,47086
2023-06-08 15:50:20,19,24,19453,47086
2023-06-08 15:50:21,17,24,19453,47086
2023-06-08 15:50:21,17,23,19453,47086
2023-06-08 15:50:26,17,22,19453,47086
2023-06-08 15:50:33,17,23,19453,47086
2023-06-08 15:50:33,17,22,19453,47086
2023-06-08 15:50:41,17,21,19453,47086
2023-06-08 15:50:41,17,20,19453,47086
2023-06-08 15:50:45,17,19,19453,47086
2023-06-08 15:50:46,17,20,19453,47086
2023-06-08 15:50:51,17,19,19453,47086
2023-06-08 15:50:52,17,18,19453,47086
2023-06-08 15:50:53,7,18,19503,47136
2023-06-08 15:50:54,7,17,19503,47136
2023-06-08 15:50:54,11,17,19503,47136
2023-06-08 15:50:54,11,16,19503,47136
2023-06-08 15:50:54,7,16,19503,47136
2023-06-08 15:50:55,10,16,19503,47136
2023-06-08 15:50:57,10,15,19503,47136
2023-06-08 15:50:58,10,16,19503,47136
2023-06-08 15:50:59,12,16,19503,47136
2023-06-08 15:51:01,12,15,19503,47136
2023-06-08 15:51:04,9,15,19503,47136
2023-06-08 15:51:06,9,14,19503,47136
2023-06-08 15:51:17,9,15,19503,47136
2023-06-08 15:51:17,9,16,19503,47136
2023-06-08 15:51:18,9,17,19503,47136
2023-06-08 15:51:18,10,17,19503,47136
2023-06-08 15:51:18,10,16,19503,47136
2023-06-08 15:51:19,9,16,19503,47136
2023-06-08 15:51:19,12,16,19503,47136
2023-06-08 15:51:31,12,15,19503,47136
2023-06-08 15:51:33,12,16,19503,47136
2023-06-08 15:51:34,12,15,19503,47136
2023-06-08 15:51:39,12,14,19503,47136
2023-06-08 15:51:41,12,13,19503,47136
2023-06-08 15:51:48,8,13,19523,47156
2023-06-08 15:51:52,8,12,19523,47156
2023-06-08 15:51:53,8,13,19523,47156
2023-06-08 15:51:55,8,12,19523,47156
2023-06-08 15:52:01,8,11,19523,47156
2023-06-08 15:52:09,8,10,19523,47156
2023-06-08 15:52:11,8,11,19523,47156
2023-06-08 15:52:12,8,12,19523,47156
2023-06-08 15:52:20,7,12,19533,47216
2023-06-08 15:52:24,7,11,19533,47216
2023-06-08 15:52:28,7,12,19533,47216
2023-06-08 15:52:31,7,13,19533,47216
2023-06-08 15:52:33,6,13,19543,47334
2023-06-08 15:52:38,6,14,19543,47334
2023-06-08 15:52:40,6,13,19543,47334
2023-06-08 15:52:47,6,12,19543,47334
2023-06-08 15:52:54,6,11,19543,47334
2023-06-08 15:52:58,6,12,19543,47334
2023-06-08 15:53:01,6,13,19543,47334
2023-06-08 15:53:04,6,12,19543,47334
2023-06-08 15:53:11,4,6,19533,47354
2023-06-08 15:53:24,3,6,19543,47374
2023-06-08 15:53:24,4,6,19543,47374
2023-06-08 15:54:00,3,6,19553,47384
2023-06-08 15:54:04,3,6,19553,47404
2023-06-08 15:54:20,3,5,19553,47404
2023-06-08 15:54:21,3,6,19553,47404
2023-06-08 15:54:26,3,5,19553,47404
2023-06-08 15:54:28,3,4,19553,47404
2023-06-08 15:54:39,3,4,19753,47604
2023-06-08 15:54:41,3,4,19756,47607
2023-06-08 15:54:49,2,4,19889,47740
2023-06-08 15:55:23,0,4,20442,48293
2023-06-08 15:55:53,0,3,20442,48293
2023-06-08 15:56:11,0,1,20442,48293
2023-06-08 15:56:35,0,4,20452,48313
2023-06-08 15:57:04,0,3,20452,48313
2023-06-08 15:58:05,0,2,20452,48313
2023-06-08 15:58:32,0,1,20452,48313
