datetime,bid,ask,open_interest,volume
2023-02-16 09:30:00,1,15,2205,4212
2023-02-16 09:34:48,1,17,2205,4212
2023-02-16 09:36:32,0,17,2205,4212
2023-02-16 09:36:34,1,17,2205,4212
2023-02-16 09:36:37,0,17,2205,4212
2023-02-16 09:36:39,1,17,2205,4212
2023-02-16 09:36:42,0,17,2205,4212
2023-02-16 09:36:44,1,17,2205,4212
2023-02-16 09:36:47,0,17,2205,4212
2023-02-16 09:36:49,1,17,2205,4212
2023-02-16 09:36:52,0,17,2205,4212
2023-02-16 09:36:54,1,17,2205,4212
2023-02-16 09:36:58,0,17,2205,4212
2023-02-16 09:36:59,1,17,2205,4212
2023-02-16 09:37:02,0,17,2205,4212
2023-02-16 09:37:04,1,17,2205,4212
2023-02-16 09:37:07,0,17,2205,4212
2023-02-16 09:37:10,1,17,2205,4212
2023-02-16 09:37:12,0,17,2205,4212
2023-02-16 09:37:15,1,17,2205,4212
2023-02-16 09:37:17,0,17,2205,4212
2023-02-16 09:37:20,1,17,2205,4212
2023-02-16 09:37:22,0,17,2205,4212
2023-02-16 09:37:25,1,17,2205,4212
2023-02-16 09:37:28,0,17,2205,4212
2023-02-16 09:37:30,1,17,2205,4212
2023-02-16 09:37:33,0,17,2205,4212
2023-02-16 09:37:35,1,17,2205,4212
2023-02-16 09:37:38,0,17,2205,4212
2023-02-16 09:37:40,1,17,2205,4212
2023-02-16 09:37:43,0,17,2205,4212
2023-02-16 09:37:45,1,17,2205,4212
2023-02-16 09:37:48,0,17,2205,4212
2023-02-16 09:37:50,1,17,2205,4212
2023-02-16 09:37:53,0,17,2205,4212
2023-02-16 09:37:55,1,17,2205,4212
2023-02-16 09:37:58,0,17,2205,4212
2023-02-16 09:38:00,1,17,2205,4212
2023-02-16 09:38:03,0,17,2205,4212
2023-02-16 09:38:05,1,17,2205,4212
2023-02-16 09:38:07,0,17,2205,4212
2023-02-16 09:38:10,1,17,2205,4212
2023-02-16 09:38:13,0,17,2205,4212
2023-02-16 09:38:15,1,17,2205,4212
2023-02-16 09:38:18,0,17,2205,4212
2023-02-16 09:38:20,1,17,2205,4212
2023-02-16 09:38:23,0,17,2205,4212
2023-02-16 09:38:25,1,17,2205,4212
2023-02-16 09:38:28,0,17,2205,4212
2023-02-16 09:38:30,1,17,2205,4212
2023-02-16 09:38:33,0,17,2205,4212
2023-02-16 09:38:35,1,17,2205,4212
2023-02-16 09:38:38,0,17,2205,4212
2023-02-16 09:39:11,1,17,2205,4212
2023-02-16 09:39:22,1,10,2205,4212
2023-02-16 09:39:22,4,10,2205,4212
2023-02-16 09:40:52,5,10,2205,4212
2023-02-16 09:40:53,5,8,2205,4212
2023-02-16 09:41:13,5,9,2205,4212
2023-02-16 09:41:33,5,10,2205,4212
2023-02-16 09:41:34,5,9,2205,4212
2023-02-16 09:42:29,5,9,2210,4217
2023-02-16 09:42:45,4,9,2210,4217
2023-02-16 09:42:46,4,8,2210,4217
2023-02-16 09:42:46,4,7,2210,4217
2023-02-16 09:43:18,3,7,2210,4217
2023-02-16 09:43:47,3,6,2210,4217
2023-02-16 09:44:19,3,7,2210,4217
2023-02-16 09:44:20,4,7,2210,4217
2023-02-16 09:44:21,4,8,2210,4217
2023-02-16 09:45:49,3,8,2210,4217
2023-02-16 09:45:49,3,7,2210,4217
2023-02-16 09:45:49,3,6,2210,4217
2023-02-16 09:46:18,3,7,2210,4217
2023-02-16 09:46:19,3,8,2210,4217
2023-02-16 09:46:19,4,8,2210,4217
2023-02-16 09:46:49,4,7,2210,4217
2023-02-16 09:47:18,4,8,2210,4217
2023-02-16 09:47:47,3,8,2210,4217
2023-02-16 09:47:48,5,8,2210,4217
2023-02-16 09:48:19,5,9,2210,4217
2023-02-16 09:49:48,4,9,2210,4217
2023-02-16 09:49:50,4,8,2210,4217
2023-02-16 09:50:46,4,5,2210,4217
2023-02-16 09:50:48,3,5,2210,4217
2023-02-16 09:51:09,3,7,2210,4217
2023-02-16 09:51:17,4,7,2210,4217
2023-02-16 09:51:48,5,7,2210,4217
2023-02-16 09:51:49,5,8,2210,4217
2023-02-16 09:51:51,5,9,2210,4217
2023-02-16 09:52:18,5,8,2210,4217
2023-02-16 09:52:47,3,8,2210,4217
2023-02-16 09:52:47,4,8,2210,4217
2023-02-16 09:53:47,4,9,2210,4217
2023-02-16 09:53:48,4,10,2210,4217
2023-02-16 09:53:50,5,10,2210,4217
2023-02-16 09:53:50,5,9,2210,4217
2023-02-16 09:54:18,5,8,2210,4217
2023-02-16 09:54:48,4,8,2210,4217
2023-02-16 09:54:50,4,7,2210,4217
2023-02-16 09:55:03,4,7,2210,4397
2023-02-16 09:56:18,3,7,2210,4397
2023-02-16 09:56:18,3,6,2210,4397
2023-02-16 09:56:49,3,7,2210,4397
2023-02-16 09:56:50,4,7,2210,4397
2023-02-16 09:57:18,3,7,2210,4397
2023-02-16 09:57:49,3,6,2210,4397
2023-02-16 09:58:18,3,7,2210,4397
2023-02-16 09:58:20,4,7,2210,4397
2023-02-16 09:58:47,4,8,2210,4397
2023-02-16 09:59:20,4,7,2210,4397
2023-02-16 09:59:21,3,7,2210,4397
2023-02-16 09:59:48,1,7,2210,4397
2023-02-16 09:59:49,1,6,2210,4397
2023-02-16 09:59:50,2,6,2210,4397
2023-02-16 10:00:52,2,5,2210,4397
2023-02-16 10:01:21,2,6,2210,4397
2023-02-16 10:01:53,3,6,2210,4397
2023-02-16 10:02:25,2,6,2210,4397
2023-02-16 10:02:26,2,5,2210,4397
2023-02-16 10:03:49,2,6,2210,4397
2023-02-16 10:03:49,2,7,2210,4397
2023-02-16 10:03:50,2,6,2210,4397
2023-02-16 10:04:18,2,5,2210,4397
2023-02-16 10:04:47,3,5,2210,4397
2023-02-16 10:04:47,3,6,2210,4397
2023-02-16 10:05:21,2,6,2210,4397
2023-02-16 10:05:48,3,6,2210,4397
2023-02-16 10:06:47,4,6,2210,4397
2023-02-16 10:06:48,4,7,2210,4397
2023-02-16 10:08:24,4,8,2210,4397
2023-02-16 10:08:51,4,7,2210,4397
2023-02-16 10:09:49,4,8,2210,4397
2023-02-16 10:09:50,4,7,2210,4397
2023-02-16 10:09:51,3,7,2210,4397
2023-02-16 10:10:25,4,7,2210,4397
2023-02-16 10:11:50,4,8,2210,4397
2023-02-16 10:11:52,5,8,2210,4397
2023-02-16 10:12:52,6,8,2210,4397
2023-02-16 10:12:52,6,10,2210,4397
2023-02-16 10:13:31,6,10,2200,4407
2023-02-16 10:13:49,6,9,2200,4407
2023-02-16 10:14:21,6,10,2200,4407
2023-02-16 10:14:48,6,9,2200,4407
2023-02-16 10:14:48,5,9,2200,4407
2023-02-16 10:15:25,5,8,2200,4407
2023-02-16 10:16:20,4,8,2200,4407
2023-02-16 10:16:20,4,7,2200,4407
2023-02-16 10:16:48,4,8,2200,4407
2023-02-16 10:17:17,5,8,2200,4407
2023-02-16 10:17:46,5,9,2200,4407
2023-02-16 10:17:46,6,9,2200,4407
2023-02-16 10:18:20,4,9,2200,4407
2023-02-16 10:18:20,5,9,2200,4407
2023-02-16 10:19:47,5,10,2200,4407
2023-02-16 10:19:48,6,10,2200,4407
2023-02-16 10:20:52,6,11,2200,4407
2023-02-16 10:20:52,7,11,2200,4407
2023-02-16 10:21:51,8,11,2200,4407
2023-02-16 10:21:51,8,12,2200,4407
2023-02-16 10:24:20,7,8,2372,4722
2023-02-16 10:24:23,7,12,2372,4722
2023-02-16 10:24:44,7,10,2372,4722
2023-02-16 10:24:46,7,12,2372,4722
2023-02-16 10:24:48,6,12,2372,4722
2023-02-16 10:24:48,4,12,2372,4722
2023-02-16 10:24:48,4,11,2372,4722
2023-02-16 10:24:48,4,10,2372,4722
2023-02-16 10:24:48,6,10,2372,4722
2023-02-16 10:24:53,6,10,2377,4727
2023-02-16 10:25:21,6,9,2377,4727
2023-02-16 10:25:49,7,9,2377,4727
2023-02-16 10:25:52,7,11,2377,4727
2023-02-16 10:26:47,7,10,2377,4727
2023-02-16 10:27:19,6,9,2377,4727
2023-02-16 10:27:49,5,9,2377,4727
2023-02-16 10:29:18,6,9,2377,4727
2023-02-16 10:29:19,5,9,2377,4727
2023-02-16 10:29:21,5,10,2377,4727
2023-02-16 10:29:22,5,11,2377,4727
2023-02-16 10:29:22,6,11,2377,4727
2023-02-16 10:29:23,6,10,2377,4727
2023-02-16 10:30:27,7,10,2377,4727
2023-02-16 10:30:52,7,11,2377,4727
2023-02-16 10:31:18,7,11,2200,5060
2023-02-16 10:31:24,7,12,2200,5296
2023-02-16 10:31:49,8,12,2200,5296
2023-02-16 10:32:18,9,12,2200,5296
2023-02-16 10:34:20,7,12,2200,5296
2023-02-16 10:34:21,8,12,2200,5296
2023-02-16 10:34:53,9,12,2200,5296
2023-02-16 10:35:04,9,13,2200,5296
2023-02-16 10:35:27,9,12,2200,5296
2023-02-16 10:36:23,8,12,2200,5296
2023-02-16 10:36:47,9,12,2200,5296
2023-02-16 10:37:04,9,13,2200,5296
2023-02-16 10:37:50,10,13,2200,5296
2023-02-16 10:37:50,10,14,2200,5296
2023-02-16 10:37:54,10,13,2200,5296
2023-02-16 10:38:02,10,14,2200,5296
2023-02-16 10:38:31,10,15,2200,5719
2023-02-16 10:38:48,12,15,2200,5719
2023-02-16 10:39:22,15,16,2200,5744
2023-02-16 10:39:33,13,16,2200,5744
2023-02-16 10:39:35,12,16,2200,5744
2023-02-16 10:39:44,12,17,2200,5759
2023-02-16 10:39:45,12,15,2200,5759
2023-02-16 10:39:48,14,15,2200,5759
2023-02-16 10:39:50,14,18,2200,5759
2023-02-16 10:39:58,14,17,2200,5759
2023-02-16 10:40:10,13,14,1953,6006
2023-02-16 10:40:17,13,14,1813,6146
2023-02-16 10:40:25,12,14,1813,6146
2023-02-16 10:40:50,11,14,1813,6146
2023-02-16 10:41:11,11,15,1813,6146
2023-02-16 10:41:18,10,15,1813,6146
2023-02-16 10:41:18,10,14,1813,6146
2023-02-16 10:41:26,11,14,1813,6146
2023-02-16 10:42:47,11,15,1813,6146
2023-02-16 10:42:48,11,17,1813,6146
2023-02-16 10:42:49,12,17,1813,6146
2023-02-16 10:42:49,12,16,1813,6146
2023-02-16 10:43:51,12,17,1813,6146
2023-02-16 10:44:00,12,17,1813,6149
2023-02-16 10:44:20,11,17,1813,6149
2023-02-16 10:44:20,11,15,1813,6149
2023-02-16 10:44:27,11,14,1813,6149
2023-02-16 10:44:49,10,14,1813,6149
2023-02-16 10:46:26,11,14,1813,6149
2023-02-16 10:46:53,12,14,1813,6149
2023-02-16 10:46:53,12,16,1813,6149
2023-02-16 10:47:48,12,18,1813,6149
2023-02-16 10:47:49,13,18,1813,6149
2023-02-16 10:47:49,13,17,1813,6149
2023-02-16 10:48:19,13,18,1813,6149
2023-02-16 10:49:17,13,17,1813,6149
2023-02-16 10:49:17,12,17,1813,6149
2023-02-16 10:49:41,13,17,1813,6149
2023-02-16 10:50:03,14,17,1813,6149
2023-02-16 10:50:04,13,17,1813,6149
2023-02-16 10:50:05,14,17,1813,6149
2023-02-16 10:50:13,14,17,1913,6249
2023-02-16 10:50:17,13,17,1913,6249
2023-02-16 10:50:18,14,17,1913,6249
2023-02-16 10:50:20,13,17,1913,6249
2023-02-16 10:50:25,14,17,1913,6249
2023-02-16 10:50:25,14,19,1913,6249
2023-02-16 10:50:49,14,18,1913,6249
2023-02-16 10:51:19,14,19,1913,6249
2023-02-16 10:51:40,14,18,1913,6249
2023-02-16 10:51:50,13,18,1913,6249
2023-02-16 10:52:18,13,16,1913,6249
2023-02-16 10:52:49,13,18,1913,6249
2023-02-16 10:52:49,14,18,1913,6249
2023-02-16 10:53:17,13,18,1913,6249
2023-02-16 10:53:17,13,17,1913,6249
2023-02-16 10:53:18,12,17,1913,6249
2023-02-16 10:53:49,12,16,1913,6249
2023-02-16 10:55:20,12,18,1913,6249
2023-02-16 10:55:20,12,17,1913,6249
2023-02-16 10:55:50,11,17,1913,6249
2023-02-16 10:55:51,11,15,1913,6249
2023-02-16 10:56:27,11,15,1933,6269
2023-02-16 10:56:48,11,14,1933,6269
2023-02-16 10:56:48,10,14,1933,6269
2023-02-16 10:59:23,11,14,1933,6269
2023-02-16 10:59:50,11,15,1933,6269
2023-02-16 11:00:01,12,15,1933,6269
2023-02-16 11:00:35,13,15,1933,6269
2023-02-16 11:00:51,13,17,1933,6269
2023-02-16 11:00:51,13,19,1933,6269
2023-02-16 11:00:52,13,18,1933,6269
2023-02-16 11:00:52,13,16,1933,6269
2023-02-16 11:01:06,14,16,1933,6269
2023-02-16 11:01:10,13,16,1933,6269
2023-02-16 11:01:21,13,18,1933,6269
2023-02-16 11:01:23,14,18,1933,6269
2023-02-16 11:01:53,14,20,1933,6269
2023-02-16 11:01:54,14,19,1933,6269
2023-02-16 11:02:13,15,19,1933,6269
2023-02-16 11:02:21,15,20,1933,6269
2023-02-16 11:02:21,15,18,1933,6269
2023-02-16 11:02:28,15,20,2227,6563
2023-02-16 11:02:43,18,20,2227,6563
2023-02-16 11:03:25,18,19,2227,6563
2023-02-16 11:03:31,18,20,2664,7000
2023-02-16 11:03:59,18,21,3159,8105
2023-02-16 11:04:29,18,20,3159,8105
2023-02-16 11:05:33,17,20,3159,8605
2023-02-16 11:05:45,17,19,3159,8605
2023-02-16 11:05:52,15,19,3159,8605
2023-02-16 11:06:04,15,18,3159,8605
2023-02-16 11:06:17,15,19,3159,9105
2023-02-16 11:07:15,17,19,3159,9105
2023-02-16 11:07:16,15,19,3159,9105
2023-02-16 11:07:30,15,18,3159,9105
2023-02-16 11:07:48,16,18,3159,9105
2023-02-16 11:07:50,14,15,3159,9500
2023-02-16 11:08:08,14,15,3159,9833
2023-02-16 11:08:18,13,15,3159,10133
2023-02-16 11:08:48,12,15,3159,10133
2023-02-16 11:08:49,12,14,3159,10133
2023-02-16 11:08:49,12,13,3159,10133
2023-02-16 11:08:50,10,12,3159,10173
2023-02-16 11:08:51,11,12,3159,10173
2023-02-16 11:08:59,12,13,3159,10370
2023-02-16 11:09:25,12,14,3159,10370
2023-02-16 11:09:47,12,15,3159,10370
2023-02-16 11:10:45,12,17,3444,10655
2023-02-16 11:10:52,12,18,3444,10655
2023-02-16 11:10:53,12,16,3444,10655
2023-02-16 11:11:22,12,17,3444,10655
2023-02-16 11:11:26,12,17,3414,10685
2023-02-16 11:11:28,12,16,3414,10685
2023-02-16 11:11:48,12,14,3414,10685
2023-02-16 11:11:58,12,15,3698,10969
2023-02-16 11:13:20,12,16,3698,10969
2023-02-16 11:13:24,12,15,3698,10969
2023-02-16 11:13:41,12,15,3699,10970
2023-02-16 11:14:12,13,15,3699,10970
2023-02-16 11:14:51,13,16,3699,10970
2023-02-16 11:15:48,13,15,3699,10970
2023-02-16 11:16:06,13,15,3718,10989
2023-02-16 11:16:26,13,14,3718,10989
2023-02-16 11:22:59,12,14,3727,10998
2023-02-16 11:23:47,12,13,3727,10998
2023-02-16 11:24:24,12,14,3727,10998
2023-02-16 11:25:06,10,14,3727,10998
2023-02-16 11:25:16,11,14,3727,10998
2023-02-16 11:25:25,10,14,3727,10998
2023-02-16 11:25:47,9,14,3727,10998
2023-02-16 11:25:48,9,13,3727,10998
2023-02-16 11:25:49,9,12,3727,10998
2023-02-16 11:25:51,10,12,3727,10998
2023-02-16 11:26:22,10,13,3727,10998
2023-02-16 11:28:10,10,13,3727,11023
2023-02-16 11:28:17,10,14,3727,11023
2023-02-16 11:28:51,10,13,3727,11023
2023-02-16 11:29:19,10,14,3727,11023
2023-02-16 11:29:37,11,14,3727,11023
2023-02-16 11:30:25,12,14,3727,11023
2023-02-16 11:30:52,13,14,3727,11023
2023-02-16 11:31:07,14,17,3727,11073
2023-02-16 11:31:19,13,17,3727,11073
2023-02-16 11:31:53,13,18,3727,11073
2023-02-16 11:31:53,14,18,3727,11073
2023-02-16 11:32:08,14,17,3727,11073
2023-02-16 11:32:19,13,17,3727,11073
2023-02-16 11:32:51,12,17,3727,11073
2023-02-16 11:32:51,12,16,3727,11073
2023-02-16 11:33:52,12,18,3727,11073
2023-02-16 11:33:52,13,18,3727,11073
2023-02-16 11:33:53,14,18,3727,11073
2023-02-16 11:34:12,14,17,3727,11073
2023-02-16 11:34:17,13,17,3727,11073
2023-02-16 11:35:08,13,16,3727,11073
2023-02-16 11:35:23,12,16,3727,11073
2023-02-16 11:35:49,12,15,3727,11073
2023-02-16 11:35:50,11,15,3727,11073
2023-02-16 11:36:21,10,15,3727,11073
2023-02-16 11:36:51,10,14,3727,11073
2023-02-16 11:36:51,11,14,3727,11073
2023-02-16 11:37:50,9,14,3727,11073
2023-02-16 11:37:50,10,14,3727,11073
2023-02-16 11:39:00,10,13,3727,11073
2023-02-16 11:39:18,10,12,3727,11073
2023-02-16 11:39:49,10,13,3727,11073
2023-02-16 11:40:26,10,14,3727,11073
2023-02-16 11:41:19,10,16,3727,11073
2023-02-16 11:41:20,11,16,3727,11073
2023-02-16 11:41:20,11,15,3727,11073
2023-02-16 11:41:48,12,15,3727,11073
2023-02-16 11:41:49,12,16,3727,11073
2023-02-16 11:42:11,12,15,3727,11073
2023-02-16 11:42:18,11,15,3727,11073
2023-02-16 11:42:48,10,15,3727,11073
2023-02-16 11:42:48,10,14,3727,11073
2023-02-16 11:43:17,10,15,3727,11073
2023-02-16 11:43:51,11,15,3727,11073
2023-02-16 11:43:51,11,16,3727,11073
2023-02-16 11:43:52,12,16,3727,11073
2023-02-16 11:44:18,12,17,3727,11073
2023-02-16 11:44:39,12,16,3727,11073
2023-02-16 11:44:56,12,15,3727,11073
2023-02-16 11:45:21,11,15,3727,11073
2023-02-16 11:45:36,12,15,3727,11073
2023-02-16 11:45:50,13,15,3727,11073
2023-02-16 11:46:18,14,15,3727,11073
2023-02-16 11:46:18,14,15,3727,11381
2023-02-16 11:46:19,14,18,3727,11381
2023-02-16 11:46:34,14,17,3727,11381
2023-02-16 11:46:48,15,17,3727,11381
2023-02-16 11:47:20,14,17,3727,11381
2023-02-16 11:48:15,14,16,3727,11381
2023-02-16 11:48:20,16,17,3727,11481
2023-02-16 11:48:47,14,17,3727,11481
2023-02-16 11:49:11,14,18,3727,11481
2023-02-16 11:49:18,15,18,3727,11481
2023-02-16 11:49:49,14,18,3727,11481
2023-02-16 11:49:50,16,18,3727,11481
2023-02-16 11:50:25,14,18,3727,11481
2023-02-16 11:50:25,15,18,3727,11481
2023-02-16 11:50:48,14,18,3727,11481
2023-02-16 11:51:51,13,18,3727,11481
2023-02-16 11:51:54,13,17,3727,11481
2023-02-16 11:52:19,14,17,3727,11481
2023-02-16 11:52:48,15,17,3727,11481
2023-02-16 11:53:17,13,17,3727,11481
2023-02-16 11:53:48,13,16,3727,11481
2023-02-16 11:53:48,12,16,3727,11481
2023-02-16 11:55:22,11,16,3727,11481
2023-02-16 11:55:48,12,16,3727,11481
2023-02-16 11:56:19,11,16,3727,11481
2023-02-16 11:56:48,13,16,3727,11481
2023-02-16 11:56:48,13,17,3727,11481
2023-02-16 11:57:51,12,17,3727,11481
2023-02-16 11:58:02,12,16,3727,11481
2023-02-16 11:58:45,11,16,3727,11481
2023-02-16 11:58:51,12,16,3727,11481
2023-02-16 11:59:18,12,15,3727,11481
2023-02-16 11:59:52,10,15,3727,11481
2023-02-16 11:59:52,11,15,3727,11481
2023-02-16 12:00:26,11,14,3727,11481
2023-02-16 12:00:49,11,15,3727,11481
2023-02-16 12:02:21,10,15,3727,11481
2023-02-16 12:02:22,10,14,3727,11481
2023-02-16 12:02:48,10,15,3727,11481
2023-02-16 12:02:48,11,15,3727,11481
2023-02-16 12:03:17,10,15,3727,11481
2023-02-16 12:03:17,10,14,3727,11481
2023-02-16 12:03:51,11,14,3727,11481
2023-02-16 12:04:22,11,13,3727,11481
2023-02-16 12:04:48,11,14,3727,11481
2023-02-16 12:04:51,9,14,3727,11481
2023-02-16 12:04:52,10,14,3727,11481
2023-02-16 12:05:21,10,13,3727,11481
2023-02-16 12:06:48,10,14,3727,11481
2023-02-16 12:06:48,10,16,3727,11481
2023-02-16 12:06:49,11,16,3727,11481
2023-02-16 12:06:49,12,16,3727,11481
2023-02-16 12:07:55,12,15,3727,11481
2023-02-16 12:08:19,11,15,3727,11481
2023-02-16 12:08:47,10,15,3727,11481
2023-02-16 12:08:49,10,14,3727,11481
2023-02-16 12:08:52,11,14,3727,11481
2023-02-16 12:09:50,11,15,3727,11481
2023-02-16 12:10:25,12,15,3727,11481
2023-02-16 12:10:50,13,15,3727,11481
2023-02-16 12:11:49,12,15,3727,11481
2023-02-16 12:11:50,13,15,3727,11481
2023-02-16 12:12:47,14,15,3727,11481
2023-02-16 12:12:53,14,15,3752,11506
2023-02-16 12:14:19,13,15,3752,11506
2023-02-16 12:14:49,14,15,3752,11506
2023-02-16 12:15:20,13,15,3752,11506
2023-02-16 12:16:18,14,15,3752,11506
2023-02-16 12:16:49,13,15,3752,11506
2023-02-16 12:17:19,12,15,3752,11506
2023-02-16 12:17:47,11,15,3752,11506
2023-02-16 12:17:52,12,15,3752,11506
2023-02-16 12:18:15,12,14,3752,11506
2023-02-16 12:18:19,12,13,3752,11506
2023-02-16 12:18:51,11,12,3783,11537
2023-02-16 12:18:51,8,12,3783,11537
2023-02-16 12:19:18,8,11,3783,11537
2023-02-16 12:19:46,8,12,3783,11537
2023-02-16 12:20:25,8,10,3783,11537
2023-02-16 12:20:27,7,10,3783,11537
2023-02-16 12:20:58,7,10,3785,11539
2023-02-16 12:21:18,6,10,3785,11539
2023-02-16 12:21:48,7,10,3785,11539
2023-02-16 12:21:50,7,11,3785,11539
2023-02-16 12:22:03,8,11,3785,11539
2023-02-16 12:22:21,8,12,3785,11539
2023-02-16 12:22:52,8,13,3785,11539
2023-02-16 12:22:52,8,14,3785,11539
2023-02-16 12:22:52,9,14,3785,11539
2023-02-16 12:22:53,10,14,3785,11539
2023-02-16 12:23:47,11,14,3785,11539
2023-02-16 12:24:02,11,15,3785,11539
2023-02-16 12:24:52,12,15,3785,11539
2023-02-16 12:25:23,15,17,3785,11564
2023-02-16 12:25:43,15,16,3785,11564
2023-02-16 12:25:49,15,16,3785,11831
2023-02-16 12:26:17,15,16,3785,12106
2023-02-16 12:27:19,14,16,3785,12106
2023-02-16 12:27:51,13,16,3785,12106
2023-02-16 12:28:49,14,16,3785,12106
2023-02-16 12:29:25,14,17,3785,12106
2023-02-16 12:30:25,13,17,3785,12106
2023-02-16 12:30:26,12,17,3785,12106
2023-02-16 12:30:27,13,17,3785,12106
2023-02-16 12:30:49,14,17,3785,12106
2023-02-16 12:31:46,14,16,3785,12106
2023-02-16 12:31:48,15,16,3785,12106
2023-02-16 12:32:18,14,16,3785,12106
2023-02-16 12:33:19,13,16,3785,12106
2023-02-16 12:33:50,13,17,3785,12106
2023-02-16 12:33:50,14,17,3785,12106
2023-02-16 12:34:20,16,17,3785,12106
2023-02-16 12:34:31,16,17,3785,12146
2023-02-16 12:34:32,16,17,3825,12186
2023-02-16 12:34:32,17,18,3825,12206
2023-02-16 12:34:36,18,19,3825,12247
2023-02-16 12:34:40,18,19,3825,12347
2023-02-16 12:34:46,16,20,3825,12397
2023-02-16 12:34:48,17,20,3825,12397
2023-02-16 12:34:49,17,19,3825,12397
2023-02-16 12:34:52,17,20,3825,12397
2023-02-16 12:35:06,17,19,3825,12397
2023-02-16 12:35:13,17,20,3825,12397
2023-02-16 12:35:22,15,20,3825,12397
2023-02-16 12:35:23,12,20,3825,12397
2023-02-16 12:35:23,20,23,3785,12437
2023-02-16 12:35:47,20,24,3785,12437
2023-02-16 12:35:53,20,25,3785,12711
2023-02-16 12:35:59,20,23,3785,12711
2023-02-16 12:36:21,23,25,3785,12751
2023-02-16 12:36:37,23,25,3775,12761
2023-02-16 12:36:52,21,25,3775,12761
2023-02-16 12:37:18,22,25,3775,12761
2023-02-16 12:37:29,22,25,3760,12776
2023-02-16 12:38:49,20,25,3760,12776
2023-02-16 12:38:50,22,25,3760,12776
2023-02-16 12:38:59,25,26,3800,12826
2023-02-16 12:39:01,25,26,3900,12926
2023-02-16 12:39:05,25,26,4000,13026
2023-02-16 12:39:08,25,26,4100,13126
2023-02-16 12:39:14,25,26,4200,13226
2023-02-16 12:39:18,25,26,4300,13326
2023-02-16 12:39:22,25,26,4400,13426
2023-02-16 12:39:25,25,26,4733,13759
2023-02-16 12:39:38,22,26,4750,13776
2023-02-16 12:39:47,21,26,4750,13776
2023-02-16 12:41:04,23,26,4750,13776
2023-02-16 12:41:07,21,26,4750,13776
2023-02-16 12:42:18,22,26,4750,13776
2023-02-16 12:42:26,22,24,4750,13776
2023-02-16 12:42:37,22,26,4750,13776
2023-02-16 12:42:38,22,23,4750,13776
2023-02-16 12:42:53,21,23,4750,13776
2023-02-16 12:44:03,21,23,4750,14181
2023-02-16 12:44:51,22,23,4750,14181
2023-02-16 12:44:55,22,26,5345,14776
2023-02-16 12:44:55,23,26,5345,14776
2023-02-16 12:45:03,23,26,5340,14781
2023-02-16 12:45:07,25,26,5340,14781
2023-02-16 12:46:24,24,26,5340,14781
2023-02-16 12:47:24,23,26,5340,14781
2023-02-16 12:48:02,23,26,5320,14801
2023-02-16 12:48:06,25,26,5320,14801
2023-02-16 12:48:34,23,26,5320,14801
2023-02-16 12:48:41,25,26,5320,14801
2023-02-16 12:48:47,23,26,5320,14801
2023-02-16 12:48:47,24,26,5320,14801
2023-02-16 12:49:00,25,26,5320,14801
2023-02-16 12:49:04,24,26,5320,14801
2023-02-16 12:49:16,25,26,5320,14801
2023-02-16 12:49:29,23,26,5320,14801
2023-02-16 12:49:50,24,26,5320,14801
2023-02-16 12:50:13,23,24,5320,15226
2023-02-16 12:50:55,23,26,5320,15226
2023-02-16 12:51:02,23,25,5320,15226
2023-02-16 12:51:06,23,26,5320,15226
2023-02-16 12:51:22,21,26,5320,15226
2023-02-16 12:51:22,21,25,5320,15226
2023-02-16 12:51:57,23,25,5320,15226
2023-02-16 12:52:00,21,25,5320,15226
2023-02-16 12:52:02,23,25,5320,15226
2023-02-16 12:52:50,23,26,5320,15226
2023-02-16 12:52:52,22,26,5320,15226
2023-02-16 12:53:09,21,26,5320,15581
2023-02-16 12:53:11,20,26,5320,15581
2023-02-16 12:53:11,20,23,5320,15581
2023-02-16 12:53:18,19,23,5320,15581
2023-02-16 12:53:19,21,23,5320,15581
2023-02-16 12:53:35,21,23,5534,15914
2023-02-16 12:53:42,21,26,5534,15914
2023-02-16 12:53:43,21,25,5534,15914
2023-02-16 12:53:49,19,25,5534,15914
2023-02-16 12:53:49,19,20,5534,15914
2023-02-16 12:53:56,19,20,5519,15929
2023-02-16 12:54:00,18,20,5519,15929
2023-02-16 12:54:00,17,20,5519,15929
2023-02-16 12:54:02,18,20,5519,15929
2023-02-16 12:54:07,17,20,5519,15929
2023-02-16 12:54:12,17,22,5320,16187
2023-02-16 12:54:22,17,21,5320,16187
2023-02-16 12:54:32,18,21,5320,16187
2023-02-16 12:54:37,17,21,5320,16187
2023-02-16 12:55:28,17,22,5320,16187
2023-02-16 12:55:34,17,21,5320,16187
2023-02-16 12:55:50,16,21,5320,16187
2023-02-16 12:56:05,16,20,5320,16187
2023-02-16 12:56:08,17,20,5320,16187
2023-02-16 12:57:17,15,20,5581,16507
2023-02-16 12:57:22,17,20,5581,16507
2023-02-16 12:57:29,15,20,5630,16556
2023-02-16 12:57:47,15,19,5630,16556
2023-02-16 12:58:19,14,19,5630,16556
2023-02-16 12:58:19,14,18,5630,16556
2023-02-16 12:58:48,12,18,5630,16556
2023-02-16 12:58:48,12,16,5630,16556
2023-02-16 12:59:12,13,16,5630,16556
2023-02-16 12:59:31,14,16,5630,16556
2023-02-16 12:59:47,12,16,5630,16556
2023-02-16 12:59:49,12,18,5630,16556
2023-02-16 12:59:49,12,17,5630,16556
2023-02-16 12:59:50,13,17,5630,16556
2023-02-16 13:00:02,14,17,5630,16556
2023-02-16 13:00:37,14,19,5320,16907
2023-02-16 13:00:49,14,20,5320,16907
2023-02-16 13:00:49,14,18,5320,16907
2023-02-16 13:01:20,14,19,5320,16907
2023-02-16 13:01:20,15,19,5320,16907
2023-02-16 13:01:48,15,21,5320,16907
2023-02-16 13:01:48,16,21,5320,16907
2023-02-16 13:01:49,16,20,5320,16907
2023-02-16 13:02:19,16,23,5320,16907
2023-02-16 13:02:19,16,21,5320,16907
2023-02-16 13:02:25,17,21,5320,16907
2023-02-16 13:02:30,17,23,5777,17364
2023-02-16 13:02:44,18,23,5777,17364
2023-02-16 13:02:50,18,25,5777,17364
2023-02-16 13:02:50,18,24,5777,17364
2023-02-16 13:02:51,20,24,5777,17364
2023-02-16 13:02:51,20,22,5777,17364
2023-02-16 13:02:59,20,24,5777,17364
2023-02-16 13:02:59,20,24,5777,17429
2023-02-16 13:03:01,18,20,5522,17684
2023-02-16 13:03:05,18,24,5522,17684
2023-02-16 13:03:05,17,24,5834,18174
2023-02-16 13:03:23,17,20,5834,18174
2023-02-16 13:03:34,15,17,6232,18572
2023-02-16 13:03:43,15,17,6788,19172
2023-02-16 13:03:50,15,16,6788,19172
2023-02-16 13:03:53,13,16,6788,19172
2023-02-16 13:03:53,14,16,6788,19172
2023-02-16 13:04:00,13,16,6788,19172
2023-02-16 13:04:11,14,16,6788,19172
2023-02-16 13:04:21,14,15,6788,19172
2023-02-16 13:04:30,14,15,6782,19178
2023-02-16 13:04:38,14,17,6491,19469
2023-02-16 13:04:40,16,17,6491,19469
2023-02-16 13:04:46,14,17,6491,19469
2023-02-16 13:04:48,13,14,6476,19484
2023-02-16 13:04:48,13,14,6461,19499
2023-02-16 13:05:04,13,16,6461,19853
2023-02-16 13:05:22,13,17,6461,19853
2023-02-16 13:05:22,13,15,6461,19853
2023-02-16 13:05:25,14,15,6461,19853
2023-02-16 13:05:27,13,15,6461,19853
2023-02-16 13:05:29,14,15,6461,19853
2023-02-16 13:05:31,14,17,6184,20130
2023-02-16 13:05:31,15,17,6184,20130
2023-02-16 13:05:34,14,17,6184,20130
2023-02-16 13:05:41,13,17,6184,20130
2023-02-16 13:05:42,14,17,6184,20130
2023-02-16 13:05:46,13,17,6184,20130
2023-02-16 13:06:19,13,16,6184,20130
2023-02-16 13:07:05,14,16,6184,20130
2023-02-16 13:07:10,14,16,6208,20462
2023-02-16 13:07:15,13,16,6208,20462
2023-02-16 13:07:15,15,16,6208,20462
2023-02-16 13:07:16,15,18,6268,20522
2023-02-16 13:07:21,15,17,6268,20522
2023-02-16 13:07:22,14,17,6268,20522
2023-02-16 13:07:23,16,17,6268,20522
2023-02-16 13:07:39,14,17,6268,20522
2023-02-16 13:07:50,14,18,6268,20522
2023-02-16 13:07:51,15,18,6268,20522
2023-02-16 13:07:54,15,19,6268,20522
2023-02-16 13:09:14,15,18,6268,20522
2023-02-16 13:09:31,15,19,6268,20522
2023-02-16 13:10:04,16,19,6268,20522
2023-02-16 13:10:04,15,19,6268,20522
2023-02-16 13:10:27,15,18,6268,20522
2023-02-16 13:11:31,15,17,6268,20522
2023-02-16 13:11:32,14,17,6268,20522
2023-02-16 13:11:33,14,18,6268,20522
2023-02-16 13:11:35,14,17,6268,20522
2023-02-16 13:11:49,14,16,6268,20522
2023-02-16 13:12:02,14,17,6268,20522
2023-02-16 13:12:14,14,18,6268,20522
2023-02-16 13:12:20,14,17,6268,20522
2023-02-16 13:12:39,13,17,6268,20522
2023-02-16 13:12:44,14,17,6268,20522
2023-02-16 13:12:46,14,18,6268,20522
2023-02-16 13:13:06,14,17,6268,20522
2023-02-16 13:13:29,14,16,6268,20522
2023-02-16 13:13:39,14,17,6268,20522
2023-02-16 13:13:40,14,16,6268,20522
2023-02-16 13:13:42,14,17,6268,20522
2023-02-16 13:13:50,13,17,6268,20522
2023-02-16 13:13:52,13,16,6268,20522
2023-02-16 13:14:05,13,15,6268,20522
2023-02-16 13:14:37,13,14,6268,20522
2023-02-16 13:14:50,11,14,6268,20522
2023-02-16 13:15:43,11,13,6268,20522
2023-02-16 13:15:43,10,13,6268,20522
2023-02-16 13:16:58,13,14,6686,20940
2023-02-16 13:17:01,11,14,6686,20940
2023-02-16 13:17:49,11,13,6686,20940
2023-02-16 13:17:49,10,13,6686,20940
2023-02-16 13:18:09,10,12,6686,20940
2023-02-16 13:18:10,10,11,6686,20940
2023-02-16 13:18:13,10,12,6686,20940
2023-02-16 13:18:17,10,13,6686,20940
2023-02-16 13:18:24,10,12,6686,20940
2023-02-16 13:18:49,8,12,6686,20940
2023-02-16 13:19:02,9,12,6686,20940
2023-02-16 13:19:04,8,12,6686,20940
2023-02-16 13:19:15,9,12,6686,20940
2023-02-16 13:19:19,8,12,6686,20940
2023-02-16 13:19:20,8,12,6686,21235
2023-02-16 13:19:23,9,12,6686,21235
2023-02-16 13:19:24,8,12,6686,21235
2023-02-16 13:19:26,9,12,6686,21235
2023-02-16 13:20:15,10,12,6686,21235
2023-02-16 13:20:25,10,13,6829,21378
2023-02-16 13:22:12,10,12,6829,21378
2023-02-16 13:22:12,9,12,6829,21378
2023-02-16 13:22:14,9,13,6829,21378
2023-02-16 13:22:17,9,12,6829,21378
2023-02-16 13:22:18,9,13,6829,21378
2023-02-16 13:22:20,9,12,6829,21378
2023-02-16 13:22:21,9,13,6829,21378
2023-02-16 13:23:26,9,12,6829,21378
2023-02-16 13:23:27,9,13,6829,21378
2023-02-16 13:23:29,9,12,6829,21378
2023-02-16 13:24:04,9,11,6829,21378
2023-02-16 13:24:08,9,10,6829,21378
2023-02-16 13:24:18,9,11,6829,21378
2023-02-16 13:24:39,9,12,6829,21378
2023-02-16 13:24:40,9,11,6829,21378
2023-02-16 13:24:47,9,12,6829,21378
2023-02-16 13:24:47,9,11,6829,21378
2023-02-16 13:24:49,9,10,6829,21378
2023-02-16 13:24:56,9,11,7189,21738
2023-02-16 13:25:23,9,12,7189,21738
2023-02-16 13:25:45,9,13,7189,21738
2023-02-16 13:25:47,9,12,7189,21738
2023-02-16 13:26:18,9,13,7189,21738
2023-02-16 13:26:37,9,12,7189,21738
2023-02-16 13:26:42,9,13,7189,21738
2023-02-16 13:26:47,9,12,7189,21738
2023-02-16 13:26:52,9,13,7189,21738
2023-02-16 13:26:56,9,12,7189,21738
2023-02-16 13:27:19,9,12,7174,21753
2023-02-16 13:27:28,9,11,7174,21753
2023-02-16 13:27:36,9,12,7174,21753
2023-02-16 13:27:39,9,11,7174,21753
2023-02-16 13:27:48,8,11,7174,21753
2023-02-16 13:28:19,7,11,7174,21753
2023-02-16 13:28:48,7,10,7174,21753
2023-02-16 13:29:46,7,9,7174,21753
2023-02-16 13:30:24,7,10,7174,21753
2023-02-16 13:30:56,7,9,7174,21753
2023-02-16 13:30:57,6,9,7174,21753
2023-02-16 13:31:27,6,10,7174,21753
2023-02-16 13:31:49,6,9,7174,21753
2023-02-16 13:32:24,7,9,7174,21753
2023-02-16 13:32:25,6,9,7174,21753
2023-02-16 13:32:35,7,9,7174,21753
2023-02-16 13:32:37,6,9,7174,21753
2023-02-16 13:32:51,6,10,7174,21753
2023-02-16 13:33:30,7,10,7174,21753
2023-02-16 13:34:00,6,10,7174,21753
2023-02-16 13:34:09,7,10,7174,21753
2023-02-16 13:34:58,8,10,7174,21753
2023-02-16 13:35:07,8,11,7174,22033
2023-02-16 13:35:12,9,11,7174,22033
2023-02-16 13:35:51,9,12,7174,22033
2023-02-16 13:36:44,10,12,7174,22033
2023-02-16 13:37:07,10,13,7174,22033
2023-02-16 13:37:25,11,13,7174,22033
2023-02-16 13:37:39,10,13,7149,22058
2023-02-16 13:37:47,10,14,7149,22058
2023-02-16 13:37:48,11,14,7149,22058
2023-02-16 13:37:55,11,13,7149,22058
2023-02-16 13:38:17,10,13,7149,22058
2023-02-16 13:38:38,10,14,7149,22058
2023-02-16 13:38:49,11,14,7149,22058
2023-02-16 13:40:03,11,13,7149,22058
2023-02-16 13:40:05,10,13,6880,22327
2023-02-16 13:41:19,9,13,6880,22327
2023-02-16 13:41:25,9,12,6880,22327
2023-02-16 13:41:49,9,11,6880,22327
2023-02-16 13:41:52,9,12,6880,22327
2023-02-16 13:42:48,9,13,6880,22327
2023-02-16 13:43:09,9,12,6880,22327
2023-02-16 13:43:27,9,13,6880,22327
2023-02-16 13:43:32,9,12,6880,22327
2023-02-16 13:43:55,9,13,6880,22327
2023-02-16 13:44:02,9,14,7318,22765
2023-02-16 13:44:03,10,14,7318,22765
2023-02-16 13:44:05,9,14,7400,22869
2023-02-16 13:44:19,10,14,7400,22869
2023-02-16 13:44:29,10,12,7400,22869
2023-02-16 13:44:43,10,14,7400,22969
2023-02-16 13:44:59,11,14,7400,22969
2023-02-16 13:45:54,11,13,7400,22969
2023-02-16 13:46:08,10,13,7169,23280
2023-02-16 13:46:12,10,12,7169,23280
2023-02-16 13:46:20,9,12,7169,23280
2023-02-16 13:47:01,9,11,7169,23280
2023-02-16 13:47:43,9,12,7169,23360
2023-02-16 13:47:49,9,13,7169,23360
2023-02-16 13:48:48,10,13,7169,23360
2023-02-16 13:49:05,10,14,7169,23360
2023-02-16 13:49:12,10,16,7525,23716
2023-02-16 13:49:23,10,15,7525,23716
2023-02-16 13:49:32,10,14,7525,23716
2023-02-16 13:49:51,11,14,7525,23716
2023-02-16 13:50:16,11,15,7525,23716
2023-02-16 13:50:17,11,14,7525,23716
2023-02-16 13:50:27,10,14,7525,23716
2023-02-16 13:50:36,10,13,7525,23716
2023-02-16 13:50:48,11,13,7525,23716
2023-02-16 13:51:21,10,13,7525,23716
2023-02-16 13:51:24,10,12,7525,23716
2023-02-16 13:51:49,9,12,7525,23716
2023-02-16 13:53:21,9,11,7525,23716
2023-02-16 13:53:53,9,12,7525,23716
2023-02-16 13:53:55,9,11,7525,23716
2023-02-16 13:54:07,7,9,7525,23784
2023-02-16 13:54:21,6,9,7525,23784
2023-02-16 13:54:21,7,9,7525,23784
2023-02-16 13:54:32,9,11,7508,23801
2023-02-16 13:54:47,7,11,7508,23801
2023-02-16 13:54:47,8,11,7508,23801
2023-02-16 13:54:47,8,12,7508,23801
2023-02-16 13:54:51,8,11,7508,23801
2023-02-16 13:55:02,8,12,7308,24001
2023-02-16 13:55:21,9,12,7308,24001
2023-02-16 13:55:52,8,12,7308,24001
2023-02-16 13:56:04,8,12,7308,24002
2023-02-16 13:56:19,9,12,7308,24002
2023-02-16 13:56:21,8,12,7308,24002
2023-02-16 13:56:22,11,12,7308,24002
2023-02-16 13:56:33,9,12,7308,24002
2023-02-16 13:56:35,10,12,7308,24002
2023-02-16 13:56:40,9,12,7308,24002
2023-02-16 13:56:54,9,11,7308,24002
2023-02-16 13:59:06,8,11,7308,24002
2023-02-16 13:59:52,8,11,7332,24027
2023-02-16 14:00:00,9,11,7332,24027
2023-02-16 14:00:03,8,11,7332,24027
2023-02-16 14:00:28,9,11,7332,24027
2023-02-16 14:00:31,9,12,7292,24067
2023-02-16 14:00:49,9,13,7292,24067
2023-02-16 14:01:16,9,13,7292,24167
2023-02-16 14:01:20,10,13,7292,24167
2023-02-16 14:01:21,10,14,7292,24167
2023-02-16 14:01:22,10,14,7292,24168
2023-02-16 14:01:45,10,11,7292,24168
2023-02-16 14:01:48,11,14,7292,24168
2023-02-16 14:01:58,11,12,7292,24168
2023-02-16 14:01:59,12,14,7292,24169
2023-02-16 14:02:13,11,12,7292,24169
2023-02-16 14:02:15,12,14,7292,24170
2023-02-16 14:02:33,11,13,7292,24170
2023-02-16 14:02:50,11,14,7292,24170
2023-02-16 14:02:51,12,14,7292,24170
2023-02-16 14:02:53,12,13,7292,24170
2023-02-16 14:03:16,12,14,7249,24213
2023-02-16 14:03:20,11,14,7249,24213
2023-02-16 14:03:47,10,14,7249,24213
2023-02-16 14:04:17,10,15,7249,24213
2023-02-16 14:04:18,12,15,7249,24213
2023-02-16 14:05:25,12,14,7249,24213
2023-02-16 14:05:34,12,15,7249,24213
2023-02-16 14:05:43,13,15,7249,24213
2023-02-16 14:05:50,13,14,7249,24213
2023-02-16 14:06:20,13,15,7249,24213
2023-02-16 14:06:23,13,15,7250,24214
2023-02-16 14:06:23,13,15,7251,24215
2023-02-16 14:06:23,12,15,7251,24215
2023-02-16 14:06:23,12,13,7251,24215
2023-02-16 14:06:27,12,15,7251,24215
2023-02-16 14:06:27,12,14,7251,24215
2023-02-16 14:06:27,12,13,7251,24215
2023-02-16 14:06:43,12,14,7252,24216
2023-02-16 14:06:43,12,14,7253,24217
2023-02-16 14:06:43,12,14,7254,24218
2023-02-16 14:06:44,12,14,7255,24219
2023-02-16 14:06:45,12,14,7256,24220
2023-02-16 14:06:45,12,14,7257,24221
2023-02-16 14:06:45,12,14,7258,24222
2023-02-16 14:06:46,12,14,7259,24223
2023-02-16 14:06:47,12,14,7260,24224
2023-02-16 14:06:47,12,14,7261,24225
2023-02-16 14:06:48,12,14,7262,24226
2023-02-16 14:06:49,12,14,7263,24227
2023-02-16 14:06:49,12,14,7264,24228
2023-02-16 14:06:49,12,14,7265,24229
2023-02-16 14:06:50,12,14,7266,24230
2023-02-16 14:06:50,12,14,7267,24231
2023-02-16 14:06:51,12,14,7268,24232
2023-02-16 14:06:51,12,14,7269,24233
2023-02-16 14:06:51,12,14,7270,24234
2023-02-16 14:06:52,12,14,7271,24235
2023-02-16 14:06:52,12,14,7272,24236
2023-02-16 14:06:52,12,14,7273,24237
2023-02-16 14:06:53,12,14,7274,24238
2023-02-16 14:06:53,12,14,7275,24239
2023-02-16 14:06:54,12,14,7276,24240
2023-02-16 14:06:54,12,14,7277,24241
2023-02-16 14:06:54,12,14,7278,24242
2023-02-16 14:06:55,12,14,7279,24243
2023-02-16 14:06:55,12,14,7280,24244
2023-02-16 14:06:56,12,14,7281,24245
2023-02-16 14:06:56,12,14,7282,24246
2023-02-16 14:06:56,12,14,7283,24247
2023-02-16 14:06:57,12,14,7284,24248
2023-02-16 14:06:57,12,14,7285,24249
2023-02-16 14:06:58,12,14,7286,24250
2023-02-16 14:06:58,12,14,7287,24251
2023-02-16 14:06:58,12,14,7288,24252
2023-02-16 14:06:59,12,14,7289,24253
2023-02-16 14:06:59,12,14,7290,24254
2023-02-16 14:07:00,12,14,7291,24255
2023-02-16 14:07:00,12,14,7292,24256
2023-02-16 14:07:00,12,14,7293,24257
2023-02-16 14:07:01,12,14,7294,24258
2023-02-16 14:07:01,12,14,7295,24259
2023-02-16 14:07:02,12,14,7296,24260
2023-02-16 14:07:02,12,14,7297,24261
2023-02-16 14:07:03,12,14,7298,24262
2023-02-16 14:07:03,12,14,7299,24263
2023-02-16 14:07:03,12,14,7300,24264
2023-02-16 14:07:04,12,14,7301,24265
2023-02-16 14:07:05,12,14,7302,24266
2023-02-16 14:07:05,12,14,7303,24267
2023-02-16 14:07:05,12,14,7304,24268
2023-02-16 14:07:06,12,14,7305,24269
2023-02-16 14:07:06,12,14,7306,24270
2023-02-16 14:07:07,12,14,7307,24271
2023-02-16 14:07:07,12,14,7308,24272
2023-02-16 14:07:07,12,14,7309,24273
2023-02-16 14:07:08,12,14,7310,24274
2023-02-16 14:07:08,12,14,7311,24275
2023-02-16 14:07:09,12,14,7312,24276
2023-02-16 14:07:09,12,14,7313,24277
2023-02-16 14:07:09,12,14,7314,24278
2023-02-16 14:07:10,12,14,7315,24279
2023-02-16 14:07:10,12,14,7316,24280
2023-02-16 14:07:11,12,14,7317,24281
2023-02-16 14:07:11,12,14,7318,24282
2023-02-16 14:07:11,12,14,7319,24283
2023-02-16 14:07:12,12,14,7320,24284
2023-02-16 14:07:12,12,13,7320,24284
2023-02-16 14:07:12,12,13,7321,24285
2023-02-16 14:07:13,12,13,7322,24286
2023-02-16 14:07:13,12,13,7323,24287
2023-02-16 14:07:14,12,13,7324,24288
2023-02-16 14:07:14,12,13,7325,24289
2023-02-16 14:07:14,12,13,7326,24290
2023-02-16 14:07:15,12,13,7327,24291
2023-02-16 14:07:15,12,13,7328,24292
2023-02-16 14:07:16,12,13,7329,24293
2023-02-16 14:07:16,12,13,7330,24294
2023-02-16 14:07:17,12,13,7331,24295
2023-02-16 14:07:17,12,13,7332,24296
2023-02-16 14:07:18,12,13,7333,24297
2023-02-16 14:07:18,12,13,7334,24298
2023-02-16 14:07:18,12,13,7335,24299
2023-02-16 14:07:19,12,13,7336,24300
2023-02-16 14:07:19,12,13,7337,24301
2023-02-16 14:07:20,12,13,7338,24302
2023-02-16 14:07:20,12,13,7339,24303
2023-02-16 14:07:20,12,13,7340,24304
2023-02-16 14:07:21,12,13,7341,24305
2023-02-16 14:07:21,12,13,7342,24306
2023-02-16 14:07:22,12,13,7343,24307
2023-02-16 14:07:22,12,13,7344,24308
2023-02-16 14:07:22,12,13,7345,24309
2023-02-16 14:07:23,12,13,7346,24310
2023-02-16 14:07:23,12,13,7347,24311
2023-02-16 14:07:24,12,13,7348,24312
2023-02-16 14:07:24,12,13,7350,24314
2023-02-16 14:07:24,12,13,7351,24315
2023-02-16 14:07:24,12,13,7352,24316
2023-02-16 14:07:25,12,13,7353,24317
2023-02-16 14:07:25,12,13,7354,24318
2023-02-16 14:07:26,12,13,7355,24319
2023-02-16 14:07:26,12,13,7356,24320
2023-02-16 14:07:27,12,13,7357,24321
2023-02-16 14:07:27,12,13,7358,24322
2023-02-16 14:07:27,12,13,7359,24323
2023-02-16 14:07:28,12,13,7360,24324
2023-02-16 14:07:28,12,13,7361,24325
2023-02-16 14:07:29,12,13,7362,24326
2023-02-16 14:07:29,12,13,7363,24327
2023-02-16 14:07:29,12,13,7364,24328
2023-02-16 14:07:30,12,13,7365,24329
2023-02-16 14:07:30,12,13,7366,24330
2023-02-16 14:07:31,12,13,7367,24331
2023-02-16 14:07:31,12,13,7368,24332
2023-02-16 14:07:31,12,13,7369,24333
2023-02-16 14:07:32,12,13,7370,24334
2023-02-16 14:07:32,12,13,7371,24335
2023-02-16 14:07:33,12,13,7372,24336
2023-02-16 14:07:33,12,13,7373,24337
2023-02-16 14:07:34,12,13,7374,24338
2023-02-16 14:07:34,12,13,7375,24339
2023-02-16 14:07:35,12,13,7376,24340
2023-02-16 14:07:35,12,13,7377,24341
2023-02-16 14:07:35,12,13,7378,24342
2023-02-16 14:07:36,12,13,7379,24343
2023-02-16 14:07:36,12,13,7380,24344
2023-02-16 14:07:37,12,13,7381,24345
2023-02-16 14:07:37,12,13,7382,24346
2023-02-16 14:07:38,12,13,7383,24347
2023-02-16 14:07:38,12,13,7384,24348
2023-02-16 14:07:38,12,13,7391,24355
2023-02-16 14:07:38,12,13,7392,24356
2023-02-16 14:07:39,12,13,7393,24357
2023-02-16 14:07:39,12,13,7394,24358
2023-02-16 14:07:40,12,13,7395,24359
2023-02-16 14:07:40,12,13,7396,24360
2023-02-16 14:07:40,12,13,7397,24361
2023-02-16 14:07:40,11,13,7397,24361
2023-02-16 14:07:41,11,12,7397,24361
2023-02-16 14:07:47,11,13,7398,24362
2023-02-16 14:07:47,11,13,7399,24363
2023-02-16 14:07:48,11,13,7400,24364
2023-02-16 14:07:48,11,13,7401,24365
2023-02-16 14:07:49,11,13,7402,24366
2023-02-16 14:07:49,11,13,7403,24367
2023-02-16 14:07:50,11,13,7404,24368
2023-02-16 14:07:50,11,13,7405,24369
2023-02-16 14:07:50,11,13,7406,24370
2023-02-16 14:07:51,11,13,7407,24371
2023-02-16 14:07:51,11,13,7408,24372
2023-02-16 14:07:52,11,13,7409,24373
2023-02-16 14:07:52,11,13,7410,24374
2023-02-16 14:07:52,11,13,7411,24375
2023-02-16 14:07:53,11,13,7412,24376
2023-02-16 14:07:53,11,13,7413,24377
2023-02-16 14:07:54,11,13,7414,24378
2023-02-16 14:07:54,11,13,7415,24379
2023-02-16 14:07:55,11,13,7416,24380
2023-02-16 14:07:55,9,13,7416,24380
2023-02-16 14:07:55,9,10,7416,24380
2023-02-16 14:07:56,9,13,7416,24380
2023-02-16 14:07:58,9,10,7416,24380
2023-02-16 14:08:08,10,13,7416,24380
2023-02-16 14:08:09,10,11,7416,24380
2023-02-16 14:08:14,10,13,7416,24380
2023-02-16 14:08:14,10,11,7416,24380
2023-02-16 14:08:18,10,12,7416,24380
2023-02-16 14:08:18,10,11,7416,24380
2023-02-16 14:08:19,10,12,7416,24380
2023-02-16 14:08:19,10,11,7416,24380
2023-02-16 14:08:21,10,12,7416,24380
2023-02-16 14:08:22,10,11,7416,24380
2023-02-16 14:08:23,10,12,7416,24380
2023-02-16 14:08:23,10,11,7416,24380
2023-02-16 14:08:40,10,12,7416,24380
2023-02-16 14:09:07,10,13,7603,24567
2023-02-16 14:09:16,10,12,7603,24567
2023-02-16 14:09:21,11,12,7603,24567
2023-02-16 14:09:52,11,12,7613,24577
2023-02-16 14:09:52,11,12,7623,24587
2023-02-16 14:09:53,11,12,7633,24597
2023-02-16 14:09:53,11,12,7643,24607
2023-02-16 14:09:54,10,12,7653,24617
2023-02-16 14:09:54,10,11,7653,24617
2023-02-16 14:09:55,10,12,7653,24617
2023-02-16 14:09:55,10,11,7653,24617
2023-02-16 14:10:03,10,12,7653,24617
2023-02-16 14:10:03,10,11,7653,24617
2023-02-16 14:10:05,10,12,7653,24617
2023-02-16 14:10:05,10,11,7653,24617
2023-02-16 14:10:07,10,12,7653,24617
2023-02-16 14:10:07,10,11,7653,24617
2023-02-16 14:10:10,10,12,7653,24617
2023-02-16 14:10:10,10,11,7653,24617
2023-02-16 14:10:12,10,12,7653,24617
2023-02-16 14:10:12,10,11,7653,24617
2023-02-16 14:10:22,10,12,7653,24617
2023-02-16 14:10:23,10,13,7653,24617
2023-02-16 14:10:23,10,11,7653,24617
2023-02-16 14:10:24,10,12,7653,24617
2023-02-16 14:10:53,11,12,7653,24617
2023-02-16 14:11:19,11,13,7653,24617
2023-02-16 14:11:48,11,14,7653,24617
2023-02-16 14:11:50,11,13,7653,24617
2023-02-16 14:12:09,11,12,7653,24617
2023-02-16 14:12:39,10,12,7653,24617
2023-02-16 14:14:05,9,12,7653,24617
2023-02-16 14:14:07,10,12,7653,24617
2023-02-16 14:14:08,9,12,7653,24617
2023-02-16 14:14:10,10,12,7653,24617
2023-02-16 14:14:12,9,12,7653,24617
2023-02-16 14:14:24,10,12,7653,24617
2023-02-16 14:14:52,9,12,7653,24617
2023-02-16 14:15:51,9,11,7653,24617
2023-02-16 14:16:37,10,11,7653,24617
2023-02-16 14:16:46,10,12,7870,24834
2023-02-16 14:16:47,11,12,7870,24834
2023-02-16 14:17:35,11,13,7770,24934
2023-02-16 14:17:35,12,13,7770,24934
2023-02-16 14:17:52,12,14,7770,24934
2023-02-16 14:17:57,11,14,7770,24934
2023-02-16 14:18:49,11,13,7770,24934
2023-02-16 14:19:07,11,13,7791,24964
2023-02-16 14:19:08,11,13,7821,24994
2023-02-16 14:19:08,11,13,7851,25024
2023-02-16 14:19:09,11,13,7881,25054
2023-02-16 14:19:10,11,13,7911,25084
2023-02-16 14:19:10,11,13,7941,25114
2023-02-16 14:19:11,11,13,7971,25144
2023-02-16 14:19:12,11,13,8001,25174
2023-02-16 14:19:12,11,13,8031,25204
2023-02-16 14:19:13,11,13,8061,25234
2023-02-16 14:19:13,9,11,8070,25243
2023-02-16 14:19:15,9,13,8070,25243
2023-02-16 14:19:15,9,11,8070,25243
2023-02-16 14:19:17,9,13,8070,25243
2023-02-16 14:19:17,9,11,8070,25243
2023-02-16 14:19:22,9,13,8070,25243
2023-02-16 14:19:23,9,12,8070,25243
2023-02-16 14:19:24,9,13,8070,25243
2023-02-16 14:19:24,9,12,8070,25243
2023-02-16 14:19:27,9,13,8070,25243
2023-02-16 14:19:27,9,12,8070,25243
2023-02-16 14:19:35,9,13,8070,25243
2023-02-16 14:19:35,9,12,8070,25243
2023-02-16 14:20:27,9,11,8070,25243
2023-02-16 14:20:50,9,10,8070,25243
2023-02-16 14:21:03,9,10,8092,25265
2023-02-16 14:21:12,8,10,8092,25265
2023-02-16 14:21:18,8,9,8092,25265
2023-02-16 14:21:23,7,9,8092,25265
2023-02-16 14:22:23,7,8,8092,25265
2023-02-16 14:23:02,7,9,8387,25560
2023-02-16 14:23:10,8,9,8387,25560
2023-02-16 14:23:34,8,10,8579,25752
2023-02-16 14:23:37,7,10,8579,25752
2023-02-16 14:23:38,9,10,8579,25752
2023-02-16 14:23:47,9,11,8579,25752
2023-02-16 14:23:57,9,10,8579,25752
2023-02-16 14:24:49,9,11,8579,25752
2023-02-16 14:24:58,10,11,8579,25752
2023-02-16 14:25:05,10,12,8787,25960
2023-02-16 14:25:37,11,12,8787,25960
2023-02-16 14:25:43,11,12,8992,26165
2023-02-16 14:25:50,11,13,8992,26165
2023-02-16 14:26:17,12,13,8992,26165
2023-02-16 14:26:22,10,13,8992,26165
2023-02-16 14:26:22,11,13,8992,26165
2023-02-16 14:26:22,11,13,8970,26187
2023-02-16 14:26:24,10,13,8970,26187
2023-02-16 14:26:25,13,14,8970,26465
2023-02-16 14:26:28,10,14,8970,26465
2023-02-16 14:26:31,10,15,8970,26633
2023-02-16 14:26:44,11,15,8970,26633
2023-02-16 14:26:46,12,15,8970,26633
2023-02-16 14:26:46,12,16,8970,26633
2023-02-16 14:26:46,12,15,8970,26633
2023-02-16 14:26:51,12,16,8970,26633
2023-02-16 14:26:52,12,15,8970,26633
2023-02-16 14:26:55,12,16,8970,26633
2023-02-16 14:26:55,12,15,8970,26633
2023-02-16 14:26:56,12,16,8970,26633
2023-02-16 14:26:56,12,15,8970,26633
2023-02-16 14:27:05,12,14,8970,26633
2023-02-16 14:27:06,12,16,8970,26633
2023-02-16 14:27:06,12,14,8970,26633
2023-02-16 14:27:08,12,16,8970,26633
2023-02-16 14:27:08,12,14,8970,26633
2023-02-16 14:27:09,12,16,8970,26633
2023-02-16 14:27:09,12,14,8970,26633
2023-02-16 14:27:26,12,16,8970,26633
2023-02-16 14:27:26,12,14,8970,26633
2023-02-16 14:27:31,12,15,8970,26633
2023-02-16 14:27:36,12,16,8970,26633
2023-02-16 14:27:36,12,15,8970,26633
2023-02-16 14:27:38,12,16,8970,26633
2023-02-16 14:27:38,12,15,8970,26633
2023-02-16 14:27:41,12,16,8970,26633
2023-02-16 14:27:41,12,15,8970,26633
2023-02-16 14:27:56,12,16,8970,26633
2023-02-16 14:27:57,12,16,8820,26783
2023-02-16 14:28:11,12,14,8820,26783
2023-02-16 14:28:13,12,16,8820,26783
2023-02-16 14:28:13,12,14,8820,26783
2023-02-16 14:28:16,12,16,8820,26783
2023-02-16 14:28:18,11,16,8820,26783
2023-02-16 14:28:18,11,14,8820,26783
2023-02-16 14:28:25,11,15,8820,26783
2023-02-16 14:28:25,12,15,8820,26783
2023-02-16 14:28:25,12,14,8820,26783
2023-02-16 14:28:43,12,15,8820,26783
2023-02-16 14:28:43,12,14,8820,26783
2023-02-16 14:28:47,12,15,8820,26783
2023-02-16 14:28:47,12,14,8820,26783
2023-02-16 14:28:59,12,15,8820,26783
2023-02-16 14:28:59,12,14,8820,26783
2023-02-16 14:29:02,12,15,8820,26783
2023-02-16 14:29:02,12,14,8820,26783
2023-02-16 14:29:09,12,13,8820,26783
2023-02-16 14:29:11,12,15,8820,26783
2023-02-16 14:29:11,12,13,8820,26783
2023-02-16 14:29:16,12,15,8820,26783
2023-02-16 14:29:17,12,13,8820,26783
2023-02-16 14:29:20,12,15,8820,26783
2023-02-16 14:29:20,12,13,8820,26783
2023-02-16 14:29:23,12,14,8820,26783
2023-02-16 14:29:23,12,13,8820,26783
2023-02-16 14:29:24,12,15,8820,26783
2023-02-16 14:29:24,12,13,8820,26783
2023-02-16 14:29:24,12,15,8820,26813
2023-02-16 14:29:25,12,13,8820,26813
2023-02-16 14:29:30,12,15,8820,26813
2023-02-16 14:29:30,12,13,8820,26813
2023-02-16 14:29:35,12,15,8820,26813
2023-02-16 14:29:35,12,13,8820,26813
2023-02-16 14:29:37,12,14,8820,26813
2023-02-16 14:29:37,12,13,8820,26813
2023-02-16 14:29:46,12,14,8820,26813
2023-02-16 14:29:47,12,13,8820,26813
2023-02-16 14:29:57,12,13,8850,26843
2023-02-16 14:29:57,12,13,8880,26873
2023-02-16 14:29:58,12,13,8910,26903
2023-02-16 14:29:58,12,13,8940,26933
2023-02-16 14:29:59,12,13,8970,26963
2023-02-16 14:30:00,10,13,9000,26993
2023-02-16 14:30:00,10,12,9000,26993
2023-02-16 14:30:02,10,13,9000,26993
2023-02-16 14:30:02,10,12,9000,26993
2023-02-16 14:30:09,10,13,9000,26993
2023-02-16 14:31:10,10,14,9000,26993
2023-02-16 14:31:13,10,13,9000,26993
2023-02-16 14:31:14,10,14,9000,26993
2023-02-16 14:31:15,10,13,9000,26993
2023-02-16 14:31:18,10,14,9000,26993
2023-02-16 14:31:19,10,13,9000,26993
2023-02-16 14:31:24,10,14,9000,26993
2023-02-16 14:31:31,11,14,9000,26993
2023-02-16 14:31:39,11,13,9000,26993
2023-02-16 14:32:50,11,14,9000,26993
2023-02-16 14:33:22,11,15,9000,26993
2023-02-16 14:33:22,11,14,9000,26993
2023-02-16 14:33:23,11,15,9000,26993
2023-02-16 14:33:23,11,14,9000,26993
2023-02-16 14:33:24,11,15,9000,26993
2023-02-16 14:33:24,11,14,9000,26993
2023-02-16 14:33:27,11,15,9005,26998
2023-02-16 14:33:27,11,14,9005,26998
2023-02-16 14:33:29,11,15,9005,26998
2023-02-16 14:33:29,11,14,9005,26998
2023-02-16 14:33:44,11,15,9005,26998
2023-02-16 14:33:44,11,14,9005,26998
2023-02-16 14:33:50,11,15,9005,26998
2023-02-16 14:34:38,11,14,9005,26998
2023-02-16 14:34:39,11,15,9005,26998
2023-02-16 14:34:40,11,14,9005,26998
2023-02-16 14:34:44,11,15,9005,26998
2023-02-16 14:34:46,11,14,9005,26998
2023-02-16 14:34:47,11,15,9005,26998
2023-02-16 14:34:47,11,14,9005,26998
2023-02-16 14:34:58,11,15,9005,26998
2023-02-16 14:34:58,11,14,9005,26998
2023-02-16 14:35:03,11,15,9005,26998
2023-02-16 14:35:04,11,14,9005,26998
2023-02-16 14:35:16,11,13,9005,26998
2023-02-16 14:35:20,11,15,9005,26998
2023-02-16 14:35:20,11,13,9005,26998
2023-02-16 14:35:21,11,15,9005,26998
2023-02-16 14:35:21,11,13,9005,26998
2023-02-16 14:35:23,11,14,9005,26998
2023-02-16 14:35:23,11,13,9005,26998
2023-02-16 14:35:27,11,14,9005,26998
2023-02-16 14:35:27,13,14,9005,27028
2023-02-16 14:35:32,11,14,9005,27028
2023-02-16 14:35:40,11,15,9165,27188
2023-02-16 14:35:48,11,16,9165,27188
2023-02-16 14:35:49,12,16,9165,27188
2023-02-16 14:35:58,12,16,9170,27193
2023-02-16 14:35:59,12,15,9170,27193
2023-02-16 14:36:12,13,15,9170,27193
2023-02-16 14:36:13,14,15,9170,27193
2023-02-16 14:36:14,14,15,9165,27198
2023-02-16 14:36:18,14,15,9065,27298
2023-02-16 14:36:20,13,15,9065,27298
2023-02-16 14:36:28,12,15,9065,27298
2023-02-16 14:36:36,12,16,9065,27298
2023-02-16 14:36:50,12,17,9065,27298
2023-02-16 14:36:50,12,16,9065,27298
2023-02-16 14:36:50,13,16,9065,27298
2023-02-16 14:36:53,13,17,9065,27298
2023-02-16 14:36:53,13,16,9065,27298
2023-02-16 14:36:55,13,17,9065,27298
2023-02-16 14:36:55,13,16,9065,27298
2023-02-16 14:36:56,13,17,9065,27298
2023-02-16 14:36:58,13,16,9065,27298
2023-02-16 14:37:01,13,17,9065,27298
2023-02-16 14:37:02,13,16,9065,27298
2023-02-16 14:37:03,13,17,9065,27298
2023-02-16 14:37:03,13,16,9065,27298
2023-02-16 14:37:09,13,17,9065,27298
2023-02-16 14:37:10,13,15,9065,27298
2023-02-16 14:37:11,13,17,9065,27298
2023-02-16 14:37:12,13,15,9065,27298
2023-02-16 14:37:14,13,17,9065,27298
2023-02-16 14:37:14,13,15,9065,27298
2023-02-16 14:37:15,13,17,9065,27298
2023-02-16 14:37:15,13,16,9065,27298
2023-02-16 14:37:15,13,15,9065,27298
2023-02-16 14:37:16,13,16,9065,27298
2023-02-16 14:37:16,13,15,9065,27298
2023-02-16 14:37:16,12,15,9065,27298
2023-02-16 14:37:17,12,16,9065,27298
2023-02-16 14:37:17,12,15,9065,27298
2023-02-16 14:37:18,12,16,9065,27298
2023-02-16 14:37:18,12,15,9065,27298
2023-02-16 14:37:20,12,16,9065,27298
2023-02-16 14:37:20,12,15,9065,27298
2023-02-16 14:37:21,12,16,9065,27298
2023-02-16 14:37:49,15,16,9065,27298
2023-02-16 14:37:57,12,16,9065,27308
2023-02-16 14:38:20,13,16,9065,27308
2023-02-16 14:38:21,13,14,9065,27308
2023-02-16 14:38:24,13,16,9065,27308
2023-02-16 14:38:29,13,14,9065,27308
2023-02-16 14:38:31,13,16,9065,27308
2023-02-16 14:38:31,13,14,9065,27308
2023-02-16 14:38:40,13,15,9065,27308
2023-02-16 14:38:47,12,15,9065,27308
2023-02-16 14:38:48,11,15,9065,27308
2023-02-16 14:39:08,11,14,9065,27308
2023-02-16 14:39:16,11,15,9065,27308
2023-02-16 14:39:16,11,14,9065,27308
2023-02-16 14:39:29,11,15,9065,27308
2023-02-16 14:39:29,11,14,9065,27308
2023-02-16 14:39:31,11,15,9065,27308
2023-02-16 14:39:31,11,14,9065,27308
2023-02-16 14:39:35,11,15,9065,27308
2023-02-16 14:40:16,11,15,9065,27353
2023-02-16 14:40:16,10,11,8866,27852
2023-02-16 14:40:22,10,14,8866,27852
2023-02-16 14:40:24,10,12,8866,27852
2023-02-16 14:40:25,9,12,8690,28228
2023-02-16 14:40:49,9,13,8690,28228
2023-02-16 14:40:51,7,13,8690,28228
2023-02-16 14:40:51,7,12,8690,28228
2023-02-16 14:40:51,7,10,8690,28228
2023-02-16 14:41:26,7,11,8809,28347
2023-02-16 14:41:47,7,10,8809,28347
2023-02-16 14:42:23,8,10,8809,28347
2023-02-16 14:42:25,7,10,8809,28347
2023-02-16 14:42:34,7,11,9032,28570
2023-02-16 14:42:41,7,11,9040,28578
2023-02-16 14:42:52,8,11,9040,28578
2023-02-16 14:42:53,8,12,9040,28578
2023-02-16 14:42:53,8,11,9040,28578
2023-02-16 14:43:00,8,9,9040,28578
2023-02-16 14:43:09,8,11,9040,28578
2023-02-16 14:43:09,8,9,9040,28578
2023-02-16 14:43:10,8,11,9040,28578
2023-02-16 14:43:10,8,9,9040,28578
2023-02-16 14:43:13,8,11,9040,28608
2023-02-16 14:43:14,8,11,9040,28638
2023-02-16 14:43:14,8,11,9040,28668
2023-02-16 14:43:15,8,11,9040,28698
2023-02-16 14:43:16,8,11,9040,28728
2023-02-16 14:43:16,8,11,9040,28758
2023-02-16 14:43:17,8,11,9040,28788
2023-02-16 14:43:18,8,11,9040,28818
2023-02-16 14:43:18,7,11,9040,28818
2023-02-16 14:43:19,7,8,9040,28818
2023-02-16 14:43:25,7,11,9040,28818
2023-02-16 14:43:25,7,9,9040,28818
2023-02-16 14:43:30,7,11,9040,28818
2023-02-16 14:43:31,7,9,9040,28818
2023-02-16 14:43:34,7,11,9040,28818
2023-02-16 14:43:34,7,9,9040,28818
2023-02-16 14:43:38,7,10,9040,28818
2023-02-16 14:43:38,9,10,9040,28818
2023-02-16 14:43:39,9,11,9040,28818
2023-02-16 14:43:40,9,10,9040,28818
2023-02-16 14:43:49,9,11,9040,28818
2023-02-16 14:43:49,7,8,9070,28848
2023-02-16 14:43:57,7,8,9070,28948
2023-02-16 14:43:59,7,9,9124,29002
2023-02-16 14:45:22,7,10,9124,29002
2023-02-16 14:45:23,7,9,9124,29002
2023-02-16 14:46:14,6,9,9124,29002
2023-02-16 14:46:19,6,8,9124,29002
2023-02-16 14:47:18,6,9,9124,29002
2023-02-16 14:48:48,6,8,9124,29002
2023-02-16 14:48:49,6,9,9124,29002
2023-02-16 14:48:49,6,8,9124,29002
2023-02-16 14:49:19,6,7,9124,29002
2023-02-16 14:49:31,6,7,9124,29102
2023-02-16 14:49:41,6,8,9142,29120
2023-02-16 14:50:42,6,7,9142,29120
2023-02-16 14:50:46,6,8,9142,29120
2023-02-16 14:50:46,6,7,9142,29120
2023-02-16 14:50:47,6,8,9142,29120
2023-02-16 14:50:47,6,7,9142,29120
2023-02-16 14:50:54,6,8,9142,29120
2023-02-16 14:51:17,6,7,9142,29120
2023-02-16 14:51:48,6,8,9142,29120
2023-02-16 14:52:02,6,7,9142,29120
2023-02-16 14:52:11,4,7,9142,29120
2023-02-16 14:52:37,4,6,9142,29120
2023-02-16 14:52:46,4,7,9142,29120
2023-02-16 14:52:46,4,6,9142,29120
2023-02-16 14:52:50,4,7,9142,29120
2023-02-16 14:52:53,4,6,9142,29120
2023-02-16 14:53:35,4,6,9042,29220
2023-02-16 14:53:41,4,6,9042,29320
2023-02-16 14:53:44,6,7,9042,29357
2023-02-16 14:53:49,4,7,9042,29357
2023-02-16 14:54:46,5,7,9042,29357
2023-02-16 14:55:22,4,7,9042,29357
2023-02-16 14:55:32,4,7,8842,29690
2023-02-16 14:55:36,4,8,8842,29694
2023-02-16 14:55:49,5,8,8842,29694
2023-02-16 14:56:15,6,8,8842,29694
2023-02-16 14:56:51,6,7,8842,29694
2023-02-16 14:58:34,4,7,8842,29694
2023-02-16 14:59:47,4,6,8842,29694
2023-02-16 14:59:51,3,6,8842,29694
2023-02-16 15:00:24,2,6,8842,29694
2023-02-16 15:00:49,3,6,8842,29694
2023-02-16 15:01:14,3,5,8842,29694
2023-02-16 15:01:18,2,5,8842,29694
2023-02-16 15:02:22,2,4,8842,29694
2023-02-16 15:02:26,2,5,8842,29694
2023-02-16 15:02:26,2,4,8842,29694
2023-02-16 15:02:29,2,5,8842,29694
2023-02-16 15:02:29,2,4,8842,29694
2023-02-16 15:02:32,2,5,8842,29694
2023-02-16 15:02:32,2,4,8842,29694
2023-02-16 15:02:34,2,5,8842,29694
2023-02-16 15:02:35,2,3,8842,29694
2023-02-16 15:02:39,2,5,8842,29694
2023-02-16 15:02:39,2,3,8842,29694
2023-02-16 15:02:42,2,5,8842,29694
2023-02-16 15:02:42,2,3,8842,29694
2023-02-16 15:02:43,2,5,8842,29694
2023-02-16 15:02:44,2,3,8842,29694
2023-02-16 15:02:48,2,4,8842,29694
2023-02-16 15:02:50,2,5,8842,29694
2023-02-16 15:02:50,2,4,8842,29694
2023-02-16 15:02:51,2,5,8842,29694
2023-02-16 15:02:51,2,4,8842,29694
2023-02-16 15:02:53,2,5,8842,29694
2023-02-16 15:02:53,2,4,8842,29694
2023-02-16 15:02:56,2,5,8842,29694
2023-02-16 15:02:56,2,4,8842,29694
2023-02-16 15:03:00,2,5,8842,29694
2023-02-16 15:03:01,2,3,8842,29694
2023-02-16 15:03:03,2,5,8842,29694
2023-02-16 15:03:03,2,3,8842,29694
2023-02-16 15:03:05,2,5,8842,29694
2023-02-16 15:03:05,2,3,8842,29694
2023-02-16 15:03:10,2,5,8842,29694
2023-02-16 15:03:10,2,3,8842,29694
2023-02-16 15:03:15,2,5,8842,29694
2023-02-16 15:03:15,2,3,8842,29694
2023-02-16 15:03:16,2,5,8842,29694
2023-02-16 15:03:16,2,3,8842,29694
2023-02-16 15:04:12,1,3,8845,29697
2023-02-16 15:04:12,1,2,8845,29697
2023-02-16 15:04:14,1,3,8845,29697
2023-02-16 15:04:14,1,2,8845,29697
2023-02-16 15:04:17,1,3,8845,29697
2023-02-16 15:04:17,1,2,8845,29697
2023-02-16 15:04:25,1,3,8845,29697
2023-02-16 15:05:15,1,3,8885,29737
2023-02-16 15:05:15,1,3,8925,29777
2023-02-16 15:05:15,1,3,8965,29817
2023-02-16 15:05:15,1,3,9005,29857
2023-02-16 15:05:16,1,3,9045,29897
2023-02-16 15:05:16,1,3,9085,29937
2023-02-16 15:05:16,1,3,9125,29977
2023-02-16 15:05:16,1,3,9165,30017
2023-02-16 15:05:22,0,3,9165,30197
2023-02-16 15:06:47,1,3,9165,30197
2023-02-16 15:07:11,0,3,9165,30197
2023-02-16 15:11:20,2,3,9165,30197
2023-02-16 15:12:18,1,3,9165,30497
2023-02-16 15:13:09,1,2,9165,30497
2023-02-16 15:15:28,1,2,9165,30897
2023-02-16 15:16:32,1,2,9173,30905
2023-02-16 15:16:32,1,2,9181,30913
2023-02-16 15:16:33,1,2,9189,30921
2023-02-16 15:16:33,1,2,9197,30929
2023-02-16 15:16:34,1,2,9205,30937
2023-02-16 15:16:34,1,2,9213,30945
2023-02-16 15:18:04,0,2,9213,31247
2023-02-16 15:19:53,0,4,9213,31872
2023-02-16 15:20:51,0,2,9213,31872
2023-02-16 15:23:18,0,1,9213,31872
2023-02-16 15:32:10,0,1,9428,32247
2023-02-16 15:34:59,0,1,9428,32747
2023-02-16 15:46:42,0,1,9383,32792
2023-02-16 15:50:27,0,1,9350,32825
