datetime,bid,ask,open_interest,volume
2023-07-12 09:30:10,23,34,955,2481
2023-07-12 09:30:22,23,78,955,2481
2023-07-12 09:30:25,26,78,955,2481
2023-07-12 09:30:25,26,41,955,2481
2023-07-12 09:30:27,26,34,955,2481
2023-07-12 09:31:00,29,34,955,2481
2023-07-12 09:31:00,30,34,955,2481
2023-07-12 09:31:00,32,34,955,2481
2023-07-12 09:31:00,32,34,1330,2881
2023-07-12 09:31:01,31,34,1530,3081
2023-07-12 09:31:03,30,34,1530,3081
2023-07-12 09:31:03,31,34,1530,3081
2023-07-12 09:31:08,30,34,1530,3081
2023-07-12 09:31:08,30,33,1530,3081
2023-07-12 09:31:12,29,33,1530,3081
2023-07-12 09:31:13,29,32,1530,3081
2023-07-12 09:31:14,30,32,1530,3081
2023-07-12 09:31:15,29,32,1530,3081
2023-07-12 09:31:34,29,31,1530,3081
2023-07-12 09:31:35,29,32,1530,3081
2023-07-12 09:31:35,29,32,1930,3481
2023-07-12 09:31:35,28,29,2130,3694
2023-07-12 09:31:35,28,32,2130,3694
2023-07-12 09:31:36,28,31,2130,3694
2023-07-12 09:31:40,28,30,2130,3694
2023-07-12 09:31:41,28,31,2130,3694
2023-07-12 09:31:44,28,32,2130,3694
2023-07-12 09:31:44,28,31,2130,3694
2023-07-12 09:31:44,29,31,2130,3694
2023-07-12 09:31:56,30,31,2130,3694
2023-07-12 09:32:04,31,32,2155,3719
2023-07-12 09:32:11,32,33,2180,3744
2023-07-12 09:32:15,31,33,2180,3744
2023-07-12 09:32:26,30,33,2180,3744
2023-07-12 09:32:28,30,33,2180,3744
2023-07-12 09:32:31,30,32,2180,3744
2023-07-12 09:32:35,30,33,2180,3744
2023-07-12 09:32:47,30,32,2180,3744
2023-07-12 09:32:51,30,33,2180,3744
2023-07-12 09:32:57,30,32,2180,3744
2023-07-12 09:33:00,30,33,2180,3744
2023-07-12 09:33:06,30,32,2180,3744
2023-07-12 09:33:09,30,33,2180,3744
2023-07-12 09:33:10,30,32,2180,3744
2023-07-12 09:33:28,30,31,2180,3744
2023-07-12 09:33:29,28,30,2155,3769
2023-07-12 09:33:30,28,31,2155,3769
2023-07-12 09:33:35,28,30,2155,3769
2023-07-12 09:33:36,28,31,2155,3769
2023-07-12 09:33:48,29,31,2155,3769
2023-07-12 09:34:08,30,31,2155,3769
2023-07-12 09:34:09,30,32,2155,3794
2023-07-12 09:34:15,30,33,1955,4019
2023-07-12 09:34:37,30,32,1955,4019
2023-07-12 09:34:44,30,33,1955,4019
2023-07-12 09:34:45,30,32,1955,4019
2023-07-12 09:34:47,30,33,1955,4019
2023-07-12 09:34:59,30,32,1955,4019
2023-07-12 09:35:10,30,31,1955,4019
2023-07-12 09:35:11,30,32,1955,4019
2023-07-12 09:35:18,30,31,1955,4019
2023-07-12 09:35:25,30,32,1955,4019
2023-07-12 09:35:41,30,31,1955,4019
2023-07-12 09:35:42,30,32,1955,4019
2023-07-12 09:35:43,30,31,1955,4019
2023-07-12 09:35:47,29,30,1905,4069
2023-07-12 09:35:48,29,31,1905,4069
2023-07-12 09:36:23,30,31,1905,4069
2023-07-12 09:36:38,30,32,1955,4119
2023-07-12 09:36:50,30,31,1955,4119
2023-07-12 09:36:51,30,32,1955,4119
2023-07-12 09:36:53,30,31,1955,4119
2023-07-12 09:37:36,31,33,1980,4144
2023-07-12 09:38:34,31,32,1980,4144
2023-07-12 09:38:36,30,32,1980,4144
2023-07-12 09:38:38,30,33,1980,4144
2023-07-12 09:38:42,31,33,1980,4144
2023-07-12 09:38:57,32,33,1980,4144
2023-07-12 09:39:31,31,33,1980,4144
2023-07-12 09:39:32,32,33,1980,4144
2023-07-12 09:39:45,32,34,1980,4194
2023-07-12 09:39:47,33,34,1980,4194
2023-07-12 09:40:04,33,35,1980,4219
2023-07-12 09:40:13,34,35,1980,4219
2023-07-12 09:40:19,33,35,1980,4219
2023-07-12 09:40:19,34,35,1980,4219
2023-07-12 09:40:47,33,35,1980,4219
2023-07-12 09:40:47,34,35,1980,4219
2023-07-12 09:41:38,34,35,1994,4233
2023-07-12 09:41:43,34,35,2005,4244
2023-07-12 09:41:50,35,36,2030,4269
2023-07-12 09:41:52,35,36,2065,4304
2023-07-12 09:43:12,34,36,2065,4304
2023-07-12 09:43:12,35,36,2065,4304
2023-07-12 09:43:37,34,36,2065,4304
2023-07-12 09:43:41,34,36,2094,4637
2023-07-12 09:43:42,34,37,2094,4637
2023-07-12 09:43:48,34,36,2094,4637
2023-07-12 09:43:59,34,35,2094,4637
2023-07-12 09:44:15,34,35,2104,4647
2023-07-12 09:44:22,33,35,2169,4742
2023-07-12 09:44:35,33,34,2169,4742
2023-07-12 09:44:36,33,35,2169,4742
2023-07-12 09:44:57,33,34,2169,4742
2023-07-12 09:44:58,33,35,2169,4742
2023-07-12 09:45:06,34,35,2169,4742
2023-07-12 09:45:12,33,34,2144,4867
2023-07-12 09:45:13,33,35,2144,4867
2023-07-12 09:45:14,33,34,2144,4867
2023-07-12 09:45:19,33,35,2144,4867
2023-07-12 09:45:19,33,34,2144,4867
2023-07-12 09:46:06,32,33,2089,4922
2023-07-12 09:46:11,32,34,2089,4922
2023-07-12 09:46:11,32,34,2089,4924
2023-07-12 09:46:13,32,33,2089,4924
2023-07-12 09:46:19,32,33,2089,4927
2023-07-12 09:46:20,32,34,2089,4927
2023-07-12 09:46:33,32,33,2089,4927
2023-07-12 09:46:45,31,32,2044,4972
2023-07-12 09:46:45,31,32,2044,4975
2023-07-12 09:46:46,31,33,2044,4975
2023-07-12 09:46:53,31,32,2044,4975
2023-07-12 09:47:10,31,32,2044,4977
2023-07-12 09:47:31,31,33,2044,4977
2023-07-12 09:47:35,32,33,2044,4977
2023-07-12 09:48:03,31,33,2044,4977
2023-07-12 09:48:22,31,32,2044,4977
2023-07-12 09:48:26,31,32,2031,5177
2023-07-12 09:48:27,31,32,2031,5377
2023-07-12 09:48:28,31,32,2124,5577
2023-07-12 09:48:28,31,32,2126,5579
2023-07-12 09:48:29,30,32,2126,5579
2023-07-12 09:48:35,30,31,2126,5579
2023-07-12 09:48:54,30,32,2126,5579
2023-07-12 09:48:59,30,31,2126,5579
2023-07-12 09:49:02,29,31,2121,5584
2023-07-12 09:49:31,29,32,2121,5584
2023-07-12 09:49:31,30,32,2121,5584
2023-07-12 09:49:32,29,32,2121,5584
2023-07-12 09:50:57,29,31,2121,5584
2023-07-12 09:51:33,29,30,2121,5584
2023-07-12 09:51:36,28,30,2056,5649
2023-07-12 09:51:43,28,31,2056,5649
2023-07-12 09:51:43,28,32,2056,5649
2023-07-12 09:51:43,28,31,2056,5649
2023-07-12 09:51:47,28,32,2056,5649
2023-07-12 09:51:47,28,31,2056,5649
2023-07-12 09:52:12,29,31,2056,5649
2023-07-12 09:52:15,29,32,2056,5649
2023-07-12 09:52:17,30,32,2056,5649
2023-07-12 09:52:27,29,32,2056,5649
2023-07-12 09:52:36,28,32,2056,5649
2023-07-12 09:52:39,28,31,2056,5649
2023-07-12 09:52:47,29,31,2056,5649
2023-07-12 09:52:51,29,32,2056,5649
2023-07-12 09:53:00,28,32,2056,5649
2023-07-12 09:53:01,28,31,2056,5649
2023-07-12 09:53:07,28,30,2056,5649
2023-07-12 09:53:17,28,31,2056,5649
2023-07-12 09:53:26,28,30,2056,5649
2023-07-12 09:53:28,28,31,2056,5649
2023-07-12 09:53:34,28,30,2056,5649
2023-07-12 09:53:36,28,31,2056,5649
2023-07-12 09:54:10,28,30,2056,5649
2023-07-12 09:54:55,29,30,2056,5649
2023-07-12 09:55:12,30,32,2055,5650
2023-07-12 09:55:30,30,31,2055,5650
2023-07-12 09:55:39,29,31,2055,5650
2023-07-12 09:55:52,30,31,2055,5650
2023-07-12 09:55:53,29,31,2055,5650
2023-07-12 09:55:55,30,31,2055,5650
2023-07-12 09:56:05,29,31,2055,5650
2023-07-12 09:57:02,28,31,2023,5682
2023-07-12 09:58:32,28,30,2023,5682
2023-07-12 10:00:04,28,29,2023,5682
2023-07-12 10:00:06,28,29,2131,5882
2023-07-12 10:00:10,28,29,2331,6082
2023-07-12 10:00:12,28,29,2581,6332
2023-07-12 10:00:15,28,29,2681,6432
2023-07-12 10:00:16,28,29,2931,6682
2023-07-12 10:00:31,28,29,3181,6932
2023-07-12 10:00:32,28,29,3381,7132
2023-07-12 10:00:32,28,29,3481,7232
2023-07-12 10:00:33,28,29,3731,7482
2023-07-12 10:00:36,28,29,3981,7732
2023-07-12 10:00:37,28,29,4481,8232
2023-07-12 10:00:40,28,29,4731,8482
2023-07-12 10:00:41,28,29,4981,8732
2023-07-12 10:00:42,28,30,4985,8737
2023-07-12 10:00:56,29,30,4985,8737
2023-07-12 10:01:02,28,30,4985,8737
2023-07-12 10:01:33,28,29,4985,8737
2023-07-12 10:02:57,28,29,5235,8987
2023-07-12 10:03:33,28,29,5435,9187
2023-07-12 10:03:34,28,29,5835,9587
2023-07-12 10:03:36,28,29,6085,9837
2023-07-12 10:03:39,28,29,6335,10087
2023-07-12 10:03:40,28,29,6585,10337
2023-07-12 10:03:43,28,29,6835,10587
2023-07-12 10:03:47,28,29,7035,10787
2023-07-12 10:03:49,28,29,7235,10987
2023-07-12 10:03:49,28,29,7485,11237
2023-07-12 10:04:07,28,29,7735,11487
2023-07-12 10:04:12,28,29,8235,11987
2023-07-12 10:04:21,28,29,8435,12187
2023-07-12 10:05:17,28,30,8634,12387
2023-07-12 10:05:26,28,30,9134,12887
2023-07-12 10:05:43,29,30,9134,12887
2023-07-12 10:05:43,29,30,9534,13287
2023-07-12 10:05:47,29,30,9784,13537
2023-07-12 10:06:01,31,32,9844,13599
2023-07-12 10:06:06,29,32,9844,13599
2023-07-12 10:06:06,30,32,9844,13599
2023-07-12 10:06:35,30,31,9844,13599
2023-07-12 10:06:39,28,30,9844,13649
2023-07-12 10:06:40,28,31,9844,13649
2023-07-12 10:06:41,28,30,9844,13649
2023-07-12 10:06:43,28,31,9844,13649
2023-07-12 10:06:53,29,31,9844,13649
2023-07-12 10:07:09,29,30,9844,13649
2023-07-12 10:07:33,29,31,9844,13649
2023-07-12 10:07:51,30,31,9844,13649
2023-07-12 10:08:05,29,31,9844,13649
2023-07-12 10:08:19,30,31,9844,13649
2023-07-12 10:08:27,29,31,9844,13649
2023-07-12 10:08:36,29,30,9844,13649
2023-07-12 10:08:39,28,29,9814,13679
2023-07-12 10:08:45,28,30,9814,13679
2023-07-12 10:08:51,28,29,9814,13679
2023-07-12 10:08:52,28,30,9814,13679
2023-07-12 10:08:54,28,29,9814,13679
2023-07-12 10:08:58,28,29,9717,13879
2023-07-12 10:09:00,27,29,9717,13879
2023-07-12 10:09:05,27,28,9717,13879
2023-07-12 10:09:21,26,27,9587,14009
2023-07-12 10:09:22,26,28,9587,14009
2023-07-12 10:09:23,26,27,9587,14009
2023-07-12 10:09:28,26,28,9587,14009
2023-07-12 10:09:50,26,27,9587,14009
2023-07-12 10:09:55,26,28,9587,14009
2023-07-12 10:10:19,26,27,9587,14009
2023-07-12 10:10:20,26,28,9587,14009
2023-07-12 10:10:23,26,27,9587,14009
2023-07-12 10:10:24,25,26,9534,14062
2023-07-12 10:10:27,25,27,9534,14062
2023-07-12 10:12:42,25,26,9534,14062
2023-07-12 10:15:22,23,25,9456,14140
2023-07-12 10:15:24,22,25,9456,14140
2023-07-12 10:15:26,22,24,9456,14140
2023-07-12 10:15:49,23,24,9456,14140
2023-07-12 10:16:46,24,26,9486,14170
2023-07-12 10:17:08,25,26,9486,14170
2023-07-12 10:17:15,24,26,9486,14170
2023-07-12 10:17:35,23,26,9486,14170
2023-07-12 10:17:36,23,25,9486,14170
2023-07-12 10:17:45,22,25,9486,14170
2023-07-12 10:18:02,22,25,9486,14220
2023-07-12 10:18:02,22,24,9486,14220
2023-07-12 10:19:23,23,24,9486,14220
2023-07-12 10:19:33,22,24,9486,14220
2023-07-12 10:20:51,22,23,9486,14220
2023-07-12 10:22:26,22,24,9516,14251
2023-07-12 10:23:01,23,24,9516,14251
2023-07-12 10:23:14,24,25,9546,14283
2023-07-12 10:23:17,24,26,9576,14315
2023-07-12 10:23:19,23,26,9576,14315
2023-07-12 10:23:19,23,25,9576,14315
2023-07-12 10:23:19,25,26,9669,14408
2023-07-12 10:23:21,25,26,9762,14501
2023-07-12 10:23:43,25,27,9792,14533
2023-07-12 10:23:44,24,27,9792,14533
2023-07-12 10:23:44,24,26,9792,14533
2023-07-12 10:23:44,25,26,9792,14533
2023-07-12 10:23:47,25,27,9829,14570
2023-07-12 10:23:48,25,26,9829,14570
2023-07-12 10:23:59,25,26,9829,14620
2023-07-12 10:23:59,25,26,10229,15020
2023-07-12 10:24:00,23,26,10379,15170
2023-07-12 10:24:11,23,25,10379,15170
2023-07-12 10:24:46,23,26,10409,15200
2023-07-12 10:24:47,24,26,10409,15200
2023-07-12 10:25:07,25,26,10409,15200
2023-07-12 10:25:10,25,27,10439,15231
2023-07-12 10:25:13,26,27,10439,15231
2023-07-12 10:25:14,26,27,10688,15481
2023-07-12 10:25:17,26,27,10938,15731
2023-07-12 10:25:19,26,27,11188,15981
2023-07-12 10:25:21,26,27,11438,16231
2023-07-12 10:25:22,26,27,11638,16431
2023-07-12 10:25:23,26,27,11888,16681
2023-07-12 10:25:26,26,27,12138,16931
2023-07-12 10:25:32,26,27,12388,17181
2023-07-12 10:25:33,26,27,12888,17681
2023-07-12 10:25:34,26,27,13138,17931
2023-07-12 10:25:37,26,27,13388,18181
2023-07-12 10:25:38,26,27,13638,18431
2023-07-12 10:25:39,26,27,13738,18531
2023-07-12 10:25:39,26,27,13988,18781
2023-07-12 10:25:43,26,27,14238,19031
2023-07-12 10:25:45,26,27,14488,19281
2023-07-12 10:25:46,26,27,15088,19881
2023-07-12 10:25:47,26,27,15338,20131
2023-07-12 10:25:57,25,27,15338,20131
2023-07-12 10:26:00,25,27,15438,20231
2023-07-12 10:26:05,26,27,15438,20231
2023-07-12 10:26:12,25,27,15438,20231
2023-07-12 10:26:13,26,27,15438,20231
2023-07-12 10:26:26,26,27,15738,20531
2023-07-12 10:26:36,25,27,15738,20531
2023-07-12 10:26:37,26,27,15738,20531
2023-07-12 10:26:47,25,27,15738,20531
2023-07-12 10:26:57,24,27,15738,20531
2023-07-12 10:27:17,24,26,15738,20531
2023-07-12 10:27:19,24,27,15738,20531
2023-07-12 10:27:22,24,26,15738,20531
2023-07-12 10:27:24,24,27,15738,20531
2023-07-12 10:27:30,24,26,15738,20531
2023-07-12 10:27:33,24,27,15738,20531
2023-07-12 10:28:01,24,26,15738,20531
2023-07-12 10:28:03,24,27,15738,20531
2023-07-12 10:28:06,24,26,15738,20531
2023-07-12 10:28:14,24,25,15738,20531
2023-07-12 10:28:20,24,26,15738,20531
2023-07-12 10:28:20,24,25,15738,20531
2023-07-12 10:28:24,23,25,15738,20531
2023-07-12 10:28:29,23,26,15738,20531
2023-07-12 10:28:47,23,25,15738,20531
2023-07-12 10:28:50,23,26,15738,20531
2023-07-12 10:29:06,23,27,15738,20531
2023-07-12 10:29:06,23,26,15738,20531
2023-07-12 10:29:46,23,25,15738,20531
2023-07-12 10:29:49,23,26,15738,20531
2023-07-12 10:29:50,23,25,15738,20531
2023-07-12 10:30:01,23,26,15738,20531
2023-07-12 10:30:03,23,25,15738,20531
2023-07-12 10:30:10,23,26,15738,20531
2023-07-12 10:30:13,23,25,15738,20531
2023-07-12 10:30:19,23,24,15738,20531
2023-07-12 10:30:26,22,23,15618,20651
2023-07-12 10:30:27,22,24,15618,20651
2023-07-12 10:30:58,22,24,15618,20653
2023-07-12 10:31:03,22,23,15618,20653
2023-07-12 10:31:06,22,24,15618,20653
2023-07-12 10:31:07,22,23,15618,20653
2023-07-12 10:31:09,22,24,15618,20653
2023-07-12 10:31:27,22,24,15618,20656
2023-07-12 10:32:54,23,24,15618,20656
2023-07-12 10:33:21,24,25,15638,20676
2023-07-12 10:35:41,25,26,15658,20697
2023-07-12 10:35:49,24,26,15658,20697
2023-07-12 10:35:49,25,26,15658,20697
2023-07-12 10:36:26,24,26,15658,20697
2023-07-12 10:36:49,25,26,15658,20697
2023-07-12 10:37:04,24,26,15658,20697
2023-07-12 10:38:56,24,25,15658,20697
2023-07-12 10:38:58,24,25,15658,20793
2023-07-12 10:39:00,23,24,15658,20817
2023-07-12 10:40:06,22,24,15658,20887
2023-07-12 10:40:29,22,23,15658,20887
2023-07-12 10:40:38,21,22,15656,21012
2023-07-12 10:40:38,20,21,15656,21112
2023-07-12 10:40:38,19,21,15656,21112
2023-07-12 10:40:38,20,21,15656,21112
2023-07-12 10:40:39,20,22,15656,21112
2023-07-12 10:40:39,20,23,15656,21112
2023-07-12 10:40:40,20,22,15656,21112
2023-07-12 10:40:41,20,23,15656,21112
2023-07-12 10:40:43,20,22,15656,21112
2023-07-12 10:40:43,19,22,15656,21112
2023-07-12 10:40:50,19,23,15656,21112
2023-07-12 10:40:50,19,22,15656,21112
2023-07-12 10:40:51,20,22,15656,21112
2023-07-12 10:41:15,19,22,15656,21112
2023-07-12 10:41:19,19,22,15658,21114
2023-07-12 10:42:32,20,22,15658,21114
2023-07-12 10:43:10,21,22,15658,21114
2023-07-12 10:43:24,20,22,15658,21114
2023-07-12 10:43:39,21,22,15658,21114
2023-07-12 10:43:40,20,22,15658,21114
2023-07-12 10:43:41,21,22,15658,21114
2023-07-12 10:43:45,20,22,15658,21114
2023-07-12 10:43:54,21,22,15658,21114
2023-07-12 10:44:10,22,23,15658,21185
2023-07-12 10:44:11,21,23,15658,21185
2023-07-12 10:44:13,22,23,15658,21185
2023-07-12 10:44:14,21,23,15658,21185
2023-07-12 10:44:15,22,23,15658,21185
2023-07-12 10:44:23,22,24,15604,21256
2023-07-12 10:44:46,21,24,15604,21256
2023-07-12 10:45:05,21,23,15604,21256
2023-07-12 10:45:17,19,23,15604,21256
2023-07-12 10:45:17,19,22,15604,21256
2023-07-12 10:45:34,20,22,15604,21256
2023-07-12 10:46:43,21,22,15604,21256
2023-07-12 10:47:03,22,23,15624,21276
2023-07-12 10:47:16,20,23,15624,21276
2023-07-12 10:47:16,21,23,15624,21276
2023-07-12 10:47:23,20,23,15624,21276
2023-07-12 10:47:35,21,23,15624,21276
2023-07-12 10:47:35,22,23,15624,21276
2023-07-12 10:48:32,21,23,15624,21276
2023-07-12 10:48:36,22,23,15624,21276
2023-07-12 10:48:42,21,23,15624,21276
2023-07-12 10:48:53,22,23,15624,21276
2023-07-12 10:49:06,23,24,15644,21298
2023-07-12 10:49:23,21,24,15644,21298
2023-07-12 10:49:23,22,24,15644,21298
2023-07-12 10:49:23,22,23,15644,21298
2023-07-12 10:49:23,22,24,15644,21298
2023-07-12 10:49:41,21,24,15644,21298
2023-07-12 10:49:49,21,23,15644,21298
2023-07-12 10:49:59,22,23,15644,21298
2023-07-12 10:50:07,21,23,15644,21298
2023-07-12 10:50:08,22,23,15644,21298
2023-07-12 10:50:25,21,23,15644,21298
2023-07-12 10:50:41,22,23,15644,21298
2023-07-12 10:51:18,21,23,15644,21298
2023-07-12 10:51:19,22,23,15644,21298
2023-07-12 10:51:25,21,23,15644,21298
2023-07-12 10:51:25,23,24,15664,21418
2023-07-12 10:51:33,21,24,15664,21418
2023-07-12 10:51:33,22,24,15664,21418
2023-07-12 10:52:04,21,24,15664,21418
2023-07-12 10:52:04,21,23,15664,21418
2023-07-12 10:52:16,21,22,15664,21418
2023-07-12 10:52:24,21,24,15664,21418
2023-07-12 10:52:24,21,23,15664,21418
2023-07-12 10:52:25,21,22,15664,21418
2023-07-12 10:52:50,22,24,15684,21438
2023-07-12 10:52:51,22,23,15684,21438
2023-07-12 10:53:17,21,23,15684,21438
2023-07-12 10:53:17,22,23,15684,21438
2023-07-12 10:53:25,21,23,15684,21438
2023-07-12 10:53:25,23,24,15704,21459
2023-07-12 10:53:36,21,24,15704,21459
2023-07-12 10:53:36,23,24,15704,21459
2023-07-12 10:53:46,22,24,15704,21459
2023-07-12 10:53:46,24,25,15846,21603
2023-07-12 10:53:57,22,25,15846,21603
2023-07-12 10:53:57,23,25,15846,21603
2023-07-12 10:53:57,25,26,15866,21625
2023-07-12 10:54:06,22,26,15866,21625
2023-07-12 10:54:06,24,26,15866,21625
2023-07-12 10:54:13,23,26,15866,21625
2023-07-12 10:54:13,25,26,15866,21625
2023-07-12 10:54:25,23,26,15866,21625
2023-07-12 10:54:25,24,26,15866,21625
2023-07-12 10:54:53,25,26,15866,21625
2023-07-12 10:55:26,26,27,15886,21651
2023-07-12 10:55:36,26,27,16286,22051
2023-07-12 10:55:37,25,27,16286,22051
2023-07-12 10:55:39,26,27,16286,22051
2023-07-12 10:55:45,24,27,16286,22051
2023-07-12 10:55:45,26,27,16286,22051
2023-07-12 10:55:48,24,27,16386,22151
2023-07-12 10:55:49,23,27,16386,22151
2023-07-12 10:55:49,25,27,16386,22151
2023-07-12 10:55:55,24,27,16386,22151
2023-07-12 10:55:55,25,27,16386,22151
2023-07-12 10:56:25,24,27,16386,22151
2023-07-12 10:56:50,25,27,16386,22151
2023-07-12 10:57:07,26,27,16386,22151
2023-07-12 10:57:15,26,27,16486,22251
2023-07-12 10:57:18,25,27,16486,22251
2023-07-12 10:57:26,26,27,16486,22251
2023-07-12 10:57:30,26,27,16886,22651
2023-07-12 10:57:30,26,27,17136,22901
2023-07-12 10:57:34,26,27,17536,23301
2023-07-12 10:57:35,26,28,17707,23475
2023-07-12 10:57:38,25,28,17707,23475
2023-07-12 10:57:41,26,28,17707,23475
2023-07-12 10:57:51,27,28,17707,23475
2023-07-12 10:57:57,28,29,17727,23500
2023-07-12 10:58:05,26,29,17727,23500
2023-07-12 10:58:05,27,29,17727,23500
2023-07-12 10:58:33,26,29,17727,23500
2023-07-12 10:58:43,27,29,17727,23500
2023-07-12 10:58:49,28,29,17727,23500
2023-07-12 10:59:01,27,29,17727,23500
2023-07-12 10:59:12,28,29,17727,23500
2023-07-12 10:59:31,27,29,17727,23500
2023-07-12 10:59:43,26,29,17727,23500
2023-07-12 11:00:01,26,28,17727,23500
2023-07-12 11:00:08,25,28,17727,23520
2023-07-12 11:00:40,26,28,17727,23520
2023-07-12 11:00:46,25,28,17727,23520
2023-07-12 11:01:01,25,27,17727,23520
2023-07-12 11:03:09,25,26,17727,23520
2023-07-12 11:03:14,25,27,17727,23520
2023-07-12 11:03:16,24,26,17727,23560
2023-07-12 11:03:49,25,26,17727,23560
2023-07-12 11:04:06,26,27,17747,23580
2023-07-12 11:04:08,27,28,17767,23601
2023-07-12 11:04:10,26,28,17767,23601
2023-07-12 11:04:10,27,28,17767,23601
2023-07-12 11:04:26,26,28,17767,23601
2023-07-12 11:04:59,26,28,17767,23651
2023-07-12 11:05:31,27,28,17767,23651
2023-07-12 11:05:48,26,28,17767,23651
2023-07-12 11:05:51,27,28,17767,23651
2023-07-12 11:06:07,27,29,17797,23683
2023-07-12 11:06:08,28,29,17797,23683
2023-07-12 11:07:53,28,30,17817,23708
2023-07-12 11:07:58,29,30,17817,23708
2023-07-12 11:08:28,28,30,17817,23708
2023-07-12 11:08:39,29,30,17817,23708
2023-07-12 11:09:16,30,31,17837,23731
2023-07-12 11:09:16,30,31,17843,23737
2023-07-12 11:09:54,31,32,17863,23760
2023-07-12 11:09:54,31,32,17869,23766
2023-07-12 11:10:42,31,34,17889,23880
2023-07-12 11:10:42,31,33,17889,23880
2023-07-12 11:11:24,31,32,17889,23880
2023-07-12 11:11:27,29,32,17960,23951
2023-07-12 11:11:30,28,32,17960,23951
2023-07-12 11:11:33,28,31,17960,23951
2023-07-12 11:11:53,28,30,17960,23951
2023-07-12 11:11:55,27,30,17900,24065
2023-07-12 11:11:55,27,29,17900,24065
2023-07-12 11:14:38,27,28,17900,24065
2023-07-12 11:16:18,26,28,17900,24085
2023-07-12 11:16:31,26,27,17900,24085
2023-07-12 11:16:35,25,27,17900,24125
2023-07-12 11:17:17,25,26,17900,24125
2023-07-12 11:17:18,25,27,17900,24125
2023-07-12 11:17:18,25,26,17900,24125
2023-07-12 11:17:28,25,26,17850,24175
2023-07-12 11:17:47,24,26,17850,24185
2023-07-12 11:17:49,24,25,17850,24185
2023-07-12 11:17:58,23,25,17850,24245
2023-07-12 11:18:54,23,24,17850,24245
2023-07-12 11:19:01,22,24,17850,24245
2023-07-12 11:19:38,21,24,17850,24245
2023-07-12 11:19:38,22,24,17850,24245
2023-07-12 11:20:07,23,24,17850,24245
2023-07-12 11:20:36,22,24,17850,24245
2023-07-12 11:20:36,23,24,17850,24245
2023-07-12 11:21:03,23,25,17870,24266
2023-07-12 11:21:06,24,25,17870,24266
2023-07-12 11:21:13,24,26,17890,24287
2023-07-12 11:21:15,26,27,17910,24307
2023-07-12 11:21:23,24,27,17910,24307
2023-07-12 11:21:43,25,27,17910,24307
2023-07-12 11:21:49,26,27,17910,24307
2023-07-12 11:21:59,26,28,17930,24327
2023-07-12 11:22:15,25,28,17930,24327
2023-07-12 11:22:30,26,28,17930,24327
2023-07-12 11:22:55,25,28,17930,24327
2023-07-12 11:23:20,25,27,17930,24327
2023-07-12 11:23:31,25,26,17930,24327
2023-07-12 11:23:33,24,26,17930,24347
2023-07-12 11:25:04,25,26,17930,24347
2023-07-12 11:25:08,26,27,17970,24388
2023-07-12 11:25:22,26,28,17970,24389
2023-07-12 11:25:26,27,28,17970,24389
2023-07-12 11:25:40,26,28,17970,24389
2023-07-12 11:25:50,25,28,17970,24389
2023-07-12 11:25:51,25,27,17970,24389
2023-07-12 11:26:23,26,27,17970,24389
2023-07-12 11:26:28,27,28,17990,24409
2023-07-12 11:27:30,28,29,18010,24430
2023-07-12 11:27:47,30,31,18030,24452
2023-07-12 11:27:59,30,31,18030,24506
2023-07-12 11:27:59,28,30,18054,24530
2023-07-12 11:27:59,28,31,18054,24530
2023-07-12 11:28:01,27,31,18054,24530
2023-07-12 11:28:01,28,31,18054,24530
2023-07-12 11:28:09,29,31,18054,24530
2023-07-12 11:28:30,30,31,18054,24530
2023-07-12 11:28:45,29,31,18054,24530
2023-07-12 11:28:52,30,31,18054,24530
2023-07-12 11:29:05,30,32,18074,24552
2023-07-12 11:29:12,31,32,18074,24552
2023-07-12 11:29:36,32,33,18094,24574
2023-07-12 11:29:51,32,35,18114,24596
2023-07-12 11:30:07,32,34,18114,24596
2023-07-12 11:30:08,32,35,18114,24596
2023-07-12 11:30:25,31,35,18114,24596
2023-07-12 11:30:30,32,35,18114,24596
2023-07-12 11:30:30,32,34,18114,24596
2023-07-12 11:30:31,32,35,18114,24596
2023-07-12 11:30:34,33,35,18114,24596
2023-07-12 11:30:36,32,35,18114,24596
2023-07-12 11:31:00,31,35,18114,24596
2023-07-12 11:31:02,32,35,18114,24596
2023-07-12 11:31:12,31,35,18114,24596
2023-07-12 11:31:16,31,34,18114,24596
2023-07-12 11:31:29,30,34,18114,24596
2023-07-12 11:31:36,30,33,18114,24596
2023-07-12 11:31:48,31,33,18114,24596
2023-07-12 11:32:06,32,33,18114,24596
2023-07-12 11:33:16,31,33,18114,24596
2023-07-12 11:33:50,32,33,18114,24596
2023-07-12 11:34:14,33,34,18134,24617
2023-07-12 11:34:16,35,36,18174,24660
2023-07-12 11:34:17,35,36,18174,24703
2023-07-12 11:34:31,34,36,18174,24703
2023-07-12 11:34:34,35,36,18174,24703
2023-07-12 11:34:43,36,37,18194,24723
2023-07-12 11:34:53,35,37,18194,24723
2023-07-12 11:35:04,34,37,18194,24723
2023-07-12 11:35:17,35,37,18194,24723
2023-07-12 11:35:24,36,37,18194,24723
2023-07-12 11:35:57,35,37,18194,24723
2023-07-12 11:36:01,35,36,18194,24723
2023-07-12 11:36:01,34,36,18194,24723
2023-07-12 11:36:03,34,37,18194,24723
2023-07-12 11:36:06,34,36,18194,24723
2023-07-12 11:36:12,34,37,18194,24723
2023-07-12 11:36:21,35,37,18194,24723
2023-07-12 11:36:25,35,37,18194,24725
2023-07-12 11:36:35,34,37,18194,24725
2023-07-12 11:36:45,35,37,18194,24725
2023-07-12 11:37:09,34,37,18194,24725
2023-07-12 11:37:15,35,37,18194,24725
2023-07-12 11:37:25,34,37,18194,24725
2023-07-12 11:37:35,35,37,18194,24725
2023-07-12 11:38:00,36,37,18194,24725
2023-07-12 11:38:05,36,37,18214,24745
2023-07-12 11:38:08,37,38,18234,24765
2023-07-12 11:38:08,37,38,18420,24951
2023-07-12 11:38:08,36,37,18514,25045
2023-07-12 11:38:08,37,38,18606,25137
2023-07-12 11:38:09,37,38,18792,25323
2023-07-12 11:38:09,36,38,18792,25323
2023-07-12 11:38:09,37,38,18792,25323
2023-07-12 11:38:18,36,38,18792,25323
2023-07-12 11:38:21,35,38,18792,25323
2023-07-12 11:38:24,36,38,18792,25323
2023-07-12 11:38:30,37,38,18792,25323
2023-07-12 11:38:37,38,39,18812,25343
2023-07-12 11:38:42,39,40,18832,25363
2023-07-12 11:38:58,38,40,18832,25363
2023-07-12 11:38:58,39,40,18832,25363
2023-07-12 11:39:08,38,40,18832,25363
2023-07-12 11:39:08,39,40,18832,25363
2023-07-12 11:39:17,40,41,18852,25383
2023-07-12 11:39:17,40,41,18882,25413
2023-07-12 11:39:23,38,41,18882,25413
2023-07-12 11:39:23,39,41,18882,25413
2023-07-12 11:39:28,38,41,18882,25413
2023-07-12 11:39:28,39,41,18882,25413
2023-07-12 11:39:34,40,41,18882,25413
2023-07-12 11:39:40,41,42,18892,25423
2023-07-12 11:39:41,42,44,18912,25443
2023-07-12 11:39:41,42,43,18912,25443
2023-07-12 11:39:42,42,43,18942,25473
2023-07-12 11:39:42,42,44,18942,25473
2023-07-12 11:39:43,42,43,19142,25673
2023-07-12 11:39:43,42,44,19142,25673
2023-07-12 11:39:48,43,44,19142,25673
2023-07-12 11:39:58,43,44,19392,25923
2023-07-12 11:40:06,43,44,19392,26123
2023-07-12 11:40:06,43,44,19412,26323
2023-07-12 11:40:07,43,44,19412,26523
2023-07-12 11:40:07,44,45,19432,26563
2023-07-12 11:40:07,44,45,19552,26683
2023-07-12 11:40:07,43,44,19592,26723
2023-07-12 11:40:07,44,45,19672,26803
2023-07-12 11:40:07,44,45,19692,26823
2023-07-12 11:40:08,44,45,19692,27023
2023-07-12 11:40:08,44,45,19292,27423
2023-07-12 11:40:08,44,46,18892,27823
2023-07-12 11:40:12,44,47,18892,27823
2023-07-12 11:40:13,45,47,18892,27823
2023-07-12 11:40:13,46,47,18892,27823
2023-07-12 11:40:17,46,47,18912,28023
2023-07-12 11:40:23,46,48,18912,28223
2023-07-12 11:40:23,47,48,18912,28223
2023-07-12 11:40:24,46,48,18912,28223
2023-07-12 11:40:24,46,50,18912,28623
2023-07-12 11:40:24,49,50,19112,28823
2023-07-12 11:40:24,47,49,19312,29023
2023-07-12 11:40:24,47,50,19312,29023
2023-07-12 11:40:26,48,49,19312,29023
2023-07-12 11:40:26,49,50,19505,29216
2023-07-12 11:40:27,47,50,19505,29216
2023-07-12 11:40:27,48,50,19505,29216
2023-07-12 11:40:29,49,50,19505,29216
2023-07-12 11:40:29,49,50,19705,29416
2023-07-12 11:40:31,49,50,19745,29456
2023-07-12 11:40:32,49,50,19813,29524
2023-07-12 11:40:34,49,50,19893,29604
2023-07-12 11:40:34,49,50,19973,29684
2023-07-12 11:40:35,49,50,19993,29704
2023-07-12 11:40:42,49,51,20013,29724
2023-07-12 11:40:48,48,51,20125,29836
2023-07-12 11:40:49,48,52,20125,29836
2023-07-12 11:40:58,48,51,20125,29836
2023-07-12 11:41:03,48,52,20125,29836
2023-07-12 11:41:05,48,51,20125,29836
2023-07-12 11:41:22,48,52,19925,30056
2023-07-12 11:41:23,49,52,19925,30056
2023-07-12 11:41:27,49,51,19925,30056
2023-07-12 11:41:31,49,52,19825,30156
2023-07-12 11:41:32,51,52,19825,30156
2023-07-12 11:41:34,51,52,19905,30236
2023-07-12 11:41:36,49,52,19905,30436
2023-07-12 11:41:37,49,53,19905,30456
2023-07-12 11:41:46,49,54,19905,30476
2023-07-12 11:41:57,49,53,19905,30476
2023-07-12 11:42:09,48,49,19905,30496
2023-07-12 11:42:09,48,53,19905,30576
2023-07-12 11:42:40,48,52,19905,30576
2023-07-12 11:42:41,48,51,19905,30576
2023-07-12 11:42:56,48,49,19905,30576
2023-07-12 11:42:58,46,48,19845,30636
2023-07-12 11:42:58,46,49,19705,30776
2023-07-12 11:43:08,46,50,19505,30976
2023-07-12 11:43:09,47,50,19505,30976
2023-07-12 11:43:20,46,50,19505,30976
2023-07-12 11:43:20,46,49,19505,30976
2023-07-12 11:43:23,46,48,19505,30976
2023-07-12 11:43:23,46,49,19305,31176
2023-07-12 11:43:39,46,48,19305,31176
2023-07-12 11:43:48,46,47,19305,31176
2023-07-12 11:43:58,46,48,19193,31376
2023-07-12 11:44:00,46,47,19193,31376
2023-07-12 11:44:02,46,48,19193,31376
2023-07-12 11:44:19,45,48,19193,31376
2023-07-12 11:44:32,46,48,19193,31376
2023-07-12 11:44:37,46,49,19213,31396
2023-07-12 11:44:44,48,49,19213,31396
2023-07-12 11:45:01,49,51,19233,31416
2023-07-12 11:45:03,49,53,19233,31416
2023-07-12 11:45:04,51,53,19233,31416
2023-07-12 11:45:04,51,52,19233,31416
2023-07-12 11:45:06,51,52,19333,31516
2023-07-12 11:45:09,51,53,19333,31516
2023-07-12 11:45:09,51,54,19333,31516
2023-07-12 11:45:10,51,53,19333,31516
2023-07-12 11:45:10,51,52,19333,31516
2023-07-12 11:45:12,52,53,19353,31536
2023-07-12 11:45:16,52,53,19353,31736
2023-07-12 11:45:32,51,53,19353,31836
2023-07-12 11:45:34,51,52,19353,31836
2023-07-12 11:45:35,50,52,19353,31836
2023-07-12 11:46:11,50,51,19353,31836
2023-07-12 11:46:19,49,50,19333,31856
2023-07-12 11:46:24,48,49,19313,31876
2023-07-12 11:46:24,47,49,19313,31876
2023-07-12 11:46:28,46,49,19313,31876
2023-07-12 11:46:29,46,48,19313,31876
2023-07-12 11:46:46,45,48,19313,31876
2023-07-12 11:46:48,45,47,19313,31876
2023-07-12 11:46:53,45,48,19313,31876
2023-07-12 11:46:58,45,47,19313,31876
2023-07-12 11:47:01,45,48,19313,31876
2023-07-12 11:47:04,45,47,19313,31876
2023-07-12 11:47:12,45,48,19313,31876
2023-07-12 11:47:19,45,48,19313,31879
2023-07-12 11:47:24,45,47,19313,31879
2023-07-12 11:47:28,45,48,19313,31879
2023-07-12 11:47:36,45,47,19313,31879
2023-07-12 11:47:44,45,46,19313,31879
2023-07-12 11:47:58,45,47,19313,31879
2023-07-12 11:48:00,45,46,19313,31879
2023-07-12 11:48:01,45,47,19313,31879
2023-07-12 11:48:02,45,46,19313,31879
2023-07-12 11:48:10,44,46,19313,31879
2023-07-12 11:48:16,44,45,19313,31879
2023-07-12 11:48:17,43,44,19273,31919
2023-07-12 11:48:17,43,44,19273,31944
2023-07-12 11:48:18,43,45,19273,31944
2023-07-12 11:48:18,43,46,19273,32144
2023-07-12 11:48:20,43,45,19273,32144
2023-07-12 11:48:30,43,46,19273,32144
2023-07-12 11:48:32,43,45,19273,32144
2023-07-12 11:48:33,43,46,19293,32164
2023-07-12 11:48:36,43,45,19293,32164
2023-07-12 11:48:50,43,44,19293,32164
2023-07-12 11:48:54,42,43,19256,32201
2023-07-12 11:48:54,42,44,19256,32364
2023-07-12 11:49:10,42,45,19296,32404
2023-07-12 11:49:21,43,45,19296,32404
2023-07-12 11:50:01,43,46,19316,32424
2023-07-12 11:50:04,43,45,19316,32424
2023-07-12 11:50:07,43,46,19316,32424
2023-07-12 11:50:10,43,47,19356,32464
2023-07-12 11:50:11,43,46,19356,32464
2023-07-12 11:50:21,43,45,19356,32464
2023-07-12 11:50:23,43,46,19356,32464
2023-07-12 11:50:35,43,45,19356,32464
2023-07-12 11:50:43,43,46,19356,32464
2023-07-12 11:51:00,43,47,19376,32484
2023-07-12 11:51:03,43,46,19376,32484
2023-07-12 11:51:04,43,47,19376,32484
2023-07-12 11:51:33,45,47,19376,32484
2023-07-12 11:51:33,45,48,19416,32524
2023-07-12 11:51:36,46,48,19416,32524
2023-07-12 11:51:36,46,50,19416,32524
2023-07-12 11:51:37,47,50,19416,32524
2023-07-12 11:51:37,47,49,19416,32524
2023-07-12 11:51:38,46,49,19416,32524
2023-07-12 11:51:39,47,49,19416,32524
2023-07-12 11:51:43,47,50,19416,32524
2023-07-12 11:51:43,47,51,19416,32524
2023-07-12 11:51:43,47,50,19416,32524
2023-07-12 11:51:48,47,49,19416,32524
2023-07-12 11:51:52,47,51,19416,32524
2023-07-12 11:51:52,47,50,19416,32524
2023-07-12 11:51:55,48,50,19416,32524
2023-07-12 11:51:55,49,50,19416,32524
2023-07-12 11:51:56,49,51,19416,32524
2023-07-12 11:51:56,49,52,19416,32524
2023-07-12 11:51:57,49,51,19416,32524
2023-07-12 11:52:03,49,52,19416,32524
2023-07-12 11:52:03,49,50,19416,32524
2023-07-12 11:52:04,49,52,19416,32524
2023-07-12 11:52:04,49,51,19416,32524
2023-07-12 11:52:06,49,52,19416,32524
2023-07-12 11:52:06,49,50,19416,32524
2023-07-12 11:52:08,49,52,19416,32524
2023-07-12 11:52:08,49,51,19416,32524
2023-07-12 11:52:11,50,51,19416,32524
2023-07-12 11:52:37,50,51,19416,32724
2023-07-12 11:53:00,51,52,19456,32764
2023-07-12 11:53:01,51,52,19496,32804
2023-07-12 11:53:02,51,52,19496,32844
2023-07-12 11:53:02,51,52,19496,33044
2023-07-12 11:53:02,51,53,19496,33044
2023-07-12 11:53:02,51,54,19496,33044
2023-07-12 11:53:03,52,54,19496,33044
2023-07-12 11:53:03,51,54,19536,33084
2023-07-12 11:53:04,52,54,19536,33084
2023-07-12 11:53:04,52,53,19536,33084
2023-07-12 11:53:22,51,52,19536,33124
2023-07-12 11:53:24,50,52,19536,33124
2023-07-12 11:53:27,49,52,19536,33124
2023-07-12 11:53:33,49,52,19536,33124
2023-07-12 11:53:42,50,52,19536,33124
2023-07-12 11:53:54,49,52,19536,33124
2023-07-12 11:53:54,49,51,19536,33124
2023-07-12 11:54:04,50,51,19536,33124
2023-07-12 11:54:18,49,51,19536,33124
2023-07-12 11:54:26,49,50,19536,33124
2023-07-12 11:54:42,49,51,19536,33124
2023-07-12 11:54:50,49,50,19536,33124
2023-07-12 11:54:53,47,49,19466,33194
2023-07-12 11:55:01,47,50,19486,33214
2023-07-12 11:55:06,47,49,19486,33214
2023-07-12 11:55:08,47,50,19486,33214
2023-07-12 11:55:14,48,50,19486,33214
2023-07-12 11:55:21,47,50,19486,33214
2023-07-12 11:55:47,47,49,19486,33214
2023-07-12 11:55:48,47,48,19486,33214
2023-07-12 11:55:58,47,49,19486,33214
2023-07-12 11:56:01,47,50,19486,33214
2023-07-12 11:56:11,48,50,19486,33214
2023-07-12 11:56:14,48,51,19506,33234
2023-07-12 11:56:23,49,51,19506,33234
2023-07-12 11:56:29,49,52,19546,33434
2023-07-12 11:56:29,48,52,19546,33434
2023-07-12 11:56:29,48,53,19546,33434
2023-07-12 11:56:29,48,54,19546,33434
2023-07-12 11:56:30,49,54,19546,33434
2023-07-12 11:56:32,49,53,19546,33434
2023-07-12 11:57:02,50,53,19546,33434
2023-07-12 11:57:56,50,52,19546,33434
2023-07-12 11:57:58,50,53,19546,33434
2023-07-12 11:58:01,50,52,19546,33434
2023-07-12 11:58:17,50,51,19546,33434
2023-07-12 11:58:18,50,52,19546,33634
2023-07-12 11:58:28,50,51,19546,33634
2023-07-12 11:58:36,50,52,19566,33654
2023-07-12 11:58:46,51,52,19566,33654
2023-07-12 11:58:46,51,53,19586,33674
2023-07-12 11:59:55,51,52,19586,33674
2023-07-12 11:59:58,51,53,19586,33674
2023-07-12 12:00:36,51,52,19586,33674
2023-07-12 12:00:59,50,52,19586,33674
2023-07-12 12:01:11,50,51,19586,33674
2023-07-12 12:02:13,50,52,19606,33694
2023-07-12 12:02:27,51,52,19606,33694
2023-07-12 12:02:46,50,52,19606,33694
2023-07-12 12:02:46,50,53,19666,33894
2023-07-12 12:04:49,50,52,19666,33894
2023-07-12 12:04:58,50,53,19666,33894
2023-07-12 12:05:10,50,52,19666,33894
2023-07-12 12:07:27,50,51,19666,33894
2023-07-12 12:07:30,50,52,19666,33894
2023-07-12 12:07:31,50,51,19666,33894
2023-07-12 12:07:34,50,52,19666,33894
2023-07-12 12:09:18,50,53,19686,34025
2023-07-12 12:11:05,50,53,19642,34069
2023-07-12 12:11:18,50,52,19642,34069
2023-07-12 12:11:52,50,51,19642,34069
2023-07-12 12:11:54,49,50,19616,34095
2023-07-12 12:12:01,49,51,19616,34095
2023-07-12 12:12:18,49,50,19616,34095
2023-07-12 12:12:20,48,49,19546,34165
2023-07-12 12:12:56,47,48,19476,34235
2023-07-12 12:12:57,47,48,19476,34435
2023-07-12 12:12:57,46,48,19476,34435
2023-07-12 12:13:08,46,47,19476,34435
2023-07-12 12:13:14,46,48,19476,34435
2023-07-12 12:13:29,46,49,19479,34438
2023-07-12 12:13:30,46,48,19479,34438
2023-07-12 12:13:31,46,49,19479,34638
2023-07-12 12:13:50,46,48,19479,34638
2023-07-12 12:13:55,46,49,19479,34638
2023-07-12 12:13:59,46,48,19479,34638
2023-07-12 12:14:12,46,49,19482,34641
2023-07-12 12:14:14,46,48,19482,34641
2023-07-12 12:14:17,46,49,19482,34641
2023-07-12 12:14:22,46,48,19482,34641
2023-07-12 12:14:28,46,49,19482,34641
2023-07-12 12:14:43,47,49,19482,34641
2023-07-12 12:14:45,47,50,19502,34661
2023-07-12 12:15:01,47,49,19502,34661
2023-07-12 12:15:15,48,49,19502,34661
2023-07-12 12:15:17,48,50,19505,34664
2023-07-12 12:15:36,48,50,19508,34864
2023-07-12 12:15:36,49,50,19508,34864
2023-07-12 12:15:36,49,51,19508,34864
2023-07-12 12:16:02,50,51,19508,34864
2023-07-12 12:16:20,51,52,19528,34884
2023-07-12 12:16:28,53,54,19531,34890
2023-07-12 12:16:29,53,54,19537,34896
2023-07-12 12:16:30,53,54,19543,34902
2023-07-12 12:16:31,53,54,19549,34908
2023-07-12 12:16:32,53,54,19555,34914
2023-07-12 12:16:33,53,54,19561,34920
2023-07-12 12:16:34,53,54,19567,34926
2023-07-12 12:16:35,53,54,19573,34932
2023-07-12 12:16:36,53,54,19579,34938
2023-07-12 12:16:37,53,54,19585,34944
2023-07-12 12:16:38,53,54,19591,34950
2023-07-12 12:16:38,53,55,19591,34950
2023-07-12 12:16:39,54,55,19591,34950
2023-07-12 12:16:53,53,55,19591,34950
2023-07-12 12:16:56,52,55,19591,34950
2023-07-12 12:16:56,52,54,19591,34950
2023-07-12 12:16:59,52,55,19591,34950
2023-07-12 12:17:01,53,55,19591,34950
2023-07-12 12:17:16,53,54,19591,34950
2023-07-12 12:17:17,51,53,19531,35010
2023-07-12 12:17:24,51,52,19531,35010
2023-07-12 12:17:26,51,52,19511,35210
2023-07-12 12:17:26,50,52,19511,35210
2023-07-12 12:17:45,51,52,19511,35210
2023-07-12 12:17:46,51,54,19514,35213
2023-07-12 12:17:46,53,54,19514,35213
2023-07-12 12:17:47,53,55,19514,35213
2023-07-12 12:17:47,53,55,19514,35393
2023-07-12 12:17:58,54,55,19514,35393
2023-07-12 12:18:11,53,55,19514,35393
2023-07-12 12:18:13,53,54,19514,35393
2023-07-12 12:18:14,52,54,19514,35393
2023-07-12 12:19:03,53,54,19514,35393
2023-07-12 12:20:33,52,54,19514,35393
2023-07-12 12:21:19,52,53,19514,35393
2023-07-12 12:21:19,51,53,19514,35393
2023-07-12 12:21:26,51,54,19514,35393
2023-07-12 12:21:28,52,54,19514,35393
2023-07-12 12:22:15,53,54,19514,35393
2023-07-12 12:22:17,53,54,19537,35416
2023-07-12 12:22:31,52,54,19537,35416
2023-07-12 12:23:09,52,53,19537,35416
2023-07-12 12:23:10,51,53,19537,35416
2023-07-12 12:23:54,51,54,19540,35419
2023-07-12 12:24:02,52,54,19540,35419
2023-07-12 12:24:14,51,54,19540,35419
2023-07-12 12:24:18,51,53,19540,35419
2023-07-12 12:25:19,51,54,19543,35422
2023-07-12 12:25:22,51,53,19543,35422
2023-07-12 12:25:29,51,52,19543,35422
2023-07-12 12:26:00,51,53,19546,35425
2023-07-12 12:26:07,51,52,19546,35425
2023-07-12 12:26:08,51,53,19546,35425
2023-07-12 12:26:09,51,54,19549,35428
2023-07-12 12:26:11,54,55,19572,35451
2023-07-12 12:26:11,54,55,19599,35478
2023-07-12 12:26:11,54,55,19626,35505
2023-07-12 12:26:12,54,55,19652,35531
2023-07-12 12:27:39,53,55,19652,35531
2023-07-12 12:27:40,53,54,19652,35531
2023-07-12 12:27:41,53,55,19652,35531
2023-07-12 12:27:44,53,54,19652,35531
2023-07-12 12:27:51,53,55,19652,35531
2023-07-12 12:27:55,53,54,19652,35531
2023-07-12 12:27:57,52,54,19652,35531
2023-07-12 12:28:51,52,55,19655,35534
2023-07-12 12:28:54,52,54,19655,35534
2023-07-12 12:28:56,52,53,19655,35534
2023-07-12 12:29:05,52,54,19658,35537
2023-07-12 12:29:30,52,55,19661,35540
2023-07-12 12:29:34,52,54,19661,35540
2023-07-12 12:29:55,52,55,19664,35543
2023-07-12 12:30:00,52,54,19664,35543
2023-07-12 12:30:08,52,55,19664,35543
2023-07-12 12:30:32,52,54,19664,35543
2023-07-12 12:30:46,52,53,19664,35543
2023-07-12 12:31:09,51,52,19632,35575
2023-07-12 12:31:30,51,53,19635,35578
2023-07-12 12:32:09,51,53,19635,35580
2023-07-12 12:32:09,51,54,19638,35583
2023-07-12 12:32:14,51,53,19638,35583
2023-07-12 12:32:14,51,52,19638,35583
2023-07-12 12:32:25,51,52,19641,35586
2023-07-12 12:32:43,50,51,19599,35628
2023-07-12 12:33:01,49,50,19571,35656
2023-07-12 12:33:02,49,50,19543,35684
2023-07-12 12:33:03,48,49,19523,35704
2023-07-12 12:33:04,48,49,19523,35712
2023-07-12 12:33:11,48,49,19523,35912
2023-07-12 12:33:11,47,49,19523,35912
2023-07-12 12:33:13,47,50,19523,35912
2023-07-12 12:33:28,47,51,19526,35915
2023-07-12 12:33:42,48,51,19526,35915
2023-07-12 12:33:47,47,51,19526,35915
2023-07-12 12:33:49,47,50,19526,35915
2023-07-12 12:33:56,47,51,19526,35915
2023-07-12 12:33:57,47,50,19526,35915
2023-07-12 12:34:02,47,51,19526,35915
2023-07-12 12:34:08,47,50,19526,35915
2023-07-12 12:34:12,47,49,19526,35915
2023-07-12 12:34:13,47,50,19526,35915
2023-07-12 12:34:26,47,49,19526,35915
2023-07-12 12:35:14,47,50,19529,36118
2023-07-12 12:35:17,47,51,19529,36118
2023-07-12 12:35:18,47,50,19529,36118
2023-07-12 12:35:20,47,51,19529,36118
2023-07-12 12:35:22,47,50,19529,36118
2023-07-12 12:35:27,47,51,19529,36118
2023-07-12 12:35:28,47,50,19529,36118
2023-07-12 12:36:04,47,51,19532,36121
2023-07-12 12:36:06,48,51,19532,36121
2023-07-12 12:36:06,49,51,19532,36121
2023-07-12 12:36:08,48,51,19532,36121
2023-07-12 12:36:12,49,51,19532,36121
2023-07-12 12:36:45,48,51,19532,36121
2023-07-12 12:36:53,48,50,19532,36121
2023-07-12 12:37:00,47,50,19532,36121
2023-07-12 12:37:00,48,50,19532,36121
2023-07-12 12:37:28,47,48,19526,36127
2023-07-12 12:37:29,47,49,19526,36327
2023-07-12 12:37:36,47,48,19526,36327
2023-07-12 12:37:42,47,49,19526,36327
2023-07-12 12:37:42,46,49,19526,36327
2023-07-12 12:37:42,46,48,19526,36327
2023-07-12 12:37:43,46,47,19526,36327
2023-07-12 12:37:46,45,46,19520,36333
2023-07-12 12:37:47,45,47,19520,36533
2023-07-12 12:38:18,45,48,19543,36556
2023-07-12 12:38:18,45,49,19546,36559
2023-07-12 12:38:23,45,48,19546,36559
2023-07-12 12:39:09,45,46,19546,36559
2023-07-12 12:39:10,45,47,19546,36759
2023-07-12 12:39:16,45,48,19546,36759
2023-07-12 12:39:26,45,47,19546,36759
2023-07-12 12:39:29,45,48,19546,36759
2023-07-12 12:41:11,45,49,19549,36962
2023-07-12 12:41:36,45,47,19549,36962
2023-07-12 12:42:06,45,48,19552,36965
2023-07-12 12:42:35,46,48,19552,36965
2023-07-12 12:42:42,46,49,19555,36968
2023-07-12 12:43:36,47,49,19555,36968
2023-07-12 12:43:39,47,50,19601,37014
2023-07-12 12:43:56,48,50,19601,37014
2023-07-12 12:43:56,48,51,19624,37037
2023-07-12 12:44:14,49,51,19624,37037
2023-07-12 12:44:15,49,52,19647,37060
2023-07-12 12:44:19,51,52,19647,37060
2023-07-12 12:44:19,51,53,19647,37060
2023-07-12 12:44:24,50,53,19647,37060
2023-07-12 12:44:26,51,53,19647,37060
2023-07-12 12:44:27,50,53,19647,37060
2023-07-12 12:44:39,50,53,19647,37075
2023-07-12 12:44:40,49,53,19647,37075
2023-07-12 12:44:40,49,54,20070,37498
2023-07-12 12:44:40,50,54,20070,37498
2023-07-12 12:44:40,50,53,20070,37498
2023-07-12 12:45:13,51,53,20070,37498
2023-07-12 12:45:28,50,53,20070,37498
2023-07-12 12:45:28,52,53,20070,37498
2023-07-12 12:45:53,50,53,20070,37498
2023-07-12 12:45:53,51,53,20070,37498
2023-07-12 12:46:01,51,52,20070,37498
2023-07-12 12:46:28,51,53,20070,37498
2023-07-12 12:46:30,50,53,20070,37498
2023-07-12 12:46:30,52,53,20070,37498
2023-07-12 12:46:45,52,53,19870,37698
2023-07-12 12:46:57,51,53,19670,37898
2023-07-12 12:47:07,50,53,19670,37898
2023-07-12 12:47:41,50,51,19670,37898
2023-07-12 12:47:58,49,50,19647,37921
2023-07-12 12:48:06,48,50,19601,38121
2023-07-12 12:48:06,48,49,19601,38121
2023-07-12 12:49:13,47,49,19601,38121
2023-07-12 12:49:16,47,48,19601,38121
2023-07-12 12:49:23,47,49,19601,38121
2023-07-12 12:49:23,46,47,19555,38167
2023-07-12 12:49:25,46,49,19555,38167
2023-07-12 12:49:25,46,48,19555,38167
2023-07-12 12:49:30,46,47,19555,38167
2023-07-12 12:49:34,45,46,19500,38222
2023-07-12 12:49:36,43,45,19465,38257
2023-07-12 12:49:37,43,46,19465,38257
2023-07-12 12:49:38,43,45,19465,38257
2023-07-12 12:49:40,42,45,19465,38257
2023-07-12 12:49:42,43,45,19465,38257
2023-07-12 12:50:28,43,46,19468,38260
2023-07-12 12:50:31,44,46,19468,38260
2023-07-12 12:50:43,44,47,19471,38263
2023-07-12 12:51:02,44,48,19494,38359
2023-07-12 12:51:26,44,47,19494,38359
2023-07-12 12:51:27,44,48,19494,38359
2023-07-12 12:51:28,44,47,19494,38359
2023-07-12 12:52:23,44,46,19494,38359
2023-07-12 12:52:30,43,46,19464,38389
2023-07-12 12:52:57,43,45,19464,38389
2023-07-12 12:53:01,43,46,19464,38389
2023-07-12 12:53:56,44,46,19464,38389
2023-07-12 12:54:01,45,46,19464,38389
2023-07-12 12:54:06,45,47,19467,38392
2023-07-12 12:54:09,45,48,19470,38395
2023-07-12 12:55:11,45,47,19470,38395
2023-07-12 12:55:14,45,46,19470,38395
2023-07-12 12:55:35,44,46,19470,38395
2023-07-12 12:56:08,44,47,19473,38398
2023-07-12 12:56:37,45,47,19473,38398
2023-07-12 12:56:46,45,48,19476,38401
2023-07-12 12:56:54,45,48,19492,38417
2023-07-12 12:56:54,45,47,19492,38417
2023-07-12 12:57:19,45,48,19495,38436
2023-07-12 12:57:28,46,48,19495,38436
2023-07-12 12:57:40,47,48,19495,38436
2023-07-12 12:57:43,47,49,19518,38459
2023-07-12 12:58:03,48,49,19518,38459
2023-07-12 12:58:04,48,50,19541,38482
2023-07-12 12:58:23,48,51,19564,38505
2023-07-12 12:58:25,49,51,19564,38505
2023-07-12 12:58:33,49,52,19587,38528
2023-07-12 12:58:36,50,52,19587,38528
2023-07-12 12:58:58,50,53,19610,38551
2023-07-12 12:59:17,49,53,19610,38551
2023-07-12 12:59:22,49,52,19610,38551
2023-07-12 13:00:15,49,51,19610,38551
2023-07-12 13:00:26,49,52,19610,38551
2023-07-12 13:00:43,49,51,19610,38551
2023-07-12 13:01:18,49,50,19610,38551
2023-07-12 13:01:25,46,50,19610,38551
2023-07-12 13:01:28,47,50,19610,38551
2023-07-12 13:01:32,46,50,19610,38551
2023-07-12 13:01:33,47,50,19610,38551
2023-07-12 13:01:35,46,50,19610,38551
2023-07-12 13:01:36,46,49,19610,38551
2023-07-12 13:01:36,48,49,19610,38551
2023-07-12 13:01:44,48,50,19610,38551
2023-07-12 13:01:47,46,50,19610,38551
2023-07-12 13:01:47,49,50,19610,38551
2023-07-12 13:01:59,50,51,19613,38554
2023-07-12 13:02:26,49,51,19613,38554
2023-07-12 13:02:26,49,50,19613,38554
2023-07-12 13:02:31,49,51,19613,38554
2023-07-12 13:02:32,48,49,19610,38600
2023-07-12 13:03:39,49,51,19573,38806
2023-07-12 13:03:43,48,51,19573,38806
2023-07-12 13:03:44,49,51,19573,38806
2023-07-12 13:03:45,48,51,19547,38832
2023-07-12 13:03:49,44,51,19547,38832
2023-07-12 13:03:52,46,51,19547,38832
2023-07-12 13:03:57,46,50,19547,38832
2023-07-12 13:04:03,47,50,19547,38832
2023-07-12 13:04:03,47,51,19547,38832
2023-07-12 13:04:22,49,51,19547,38832
2023-07-12 13:04:34,49,50,19547,38832
2023-07-12 13:05:06,50,51,19570,39018
2023-07-12 13:05:07,49,51,19570,39018
2023-07-12 13:05:12,46,51,19570,39018
2023-07-12 13:05:12,47,51,19570,39018
2023-07-12 13:05:27,46,51,19570,39018
2023-07-12 13:05:41,47,51,19570,39018
2023-07-12 13:05:48,48,51,19570,39018
2023-07-12 13:06:11,49,51,19570,39018
2023-07-12 13:06:14,49,52,19613,39061
2023-07-12 13:06:19,51,52,19613,39061
2023-07-12 13:06:22,52,53,19616,39064
2023-07-12 13:06:25,52,54,19639,39087
2023-07-12 13:06:27,54,58,19708,39156
2023-07-12 13:06:27,54,57,19708,39156
2023-07-12 13:06:29,54,57,19731,39179
2023-07-12 13:06:30,52,57,19731,39179
2023-07-12 13:06:49,52,56,19731,39179
2023-07-12 13:07:52,52,54,19731,39179
2023-07-12 13:07:58,52,54,19731,39202
2023-07-12 13:08:03,48,54,19731,39202
2023-07-12 13:08:08,49,54,19731,39202
2023-07-12 13:08:12,48,54,19731,39202
2023-07-12 13:08:14,49,54,19731,39202
2023-07-12 13:08:21,48,54,19731,39202
2023-07-12 13:08:24,48,53,19731,39202
2023-07-12 13:08:32,48,54,19731,39202
2023-07-12 13:08:36,48,53,19731,39202
2023-07-12 13:09:23,49,53,19731,39202
2023-07-12 13:09:25,48,53,19731,39202
2023-07-12 13:09:27,49,53,19731,39202
2023-07-12 13:09:33,48,53,19731,39202
2023-07-12 13:09:35,49,53,19731,39202
2023-07-12 13:10:05,53,54,19734,39205
2023-07-12 13:10:20,51,54,19734,39205
2023-07-12 13:10:23,52,54,19734,39205
2023-07-12 13:10:38,53,54,19734,39205
2023-07-12 13:10:40,55,56,19737,39208
2023-07-12 13:10:55,52,56,19737,39208
2023-07-12 13:11:06,51,56,19737,39208
2023-07-12 13:11:10,51,55,19737,39208
2023-07-12 13:11:11,49,55,19737,39208
2023-07-12 13:11:33,54,55,19737,39208
2023-07-12 13:11:35,54,55,19737,39408
2023-07-12 13:11:37,50,55,19737,39431
2023-07-12 13:11:49,50,54,19737,39431
2023-07-12 13:12:01,50,55,19737,39431
2023-07-12 13:12:03,50,54,19737,39431
2023-07-12 13:12:29,49,54,19737,39431
2023-07-12 13:13:09,50,54,19737,39431
2023-07-12 13:14:20,51,54,19737,39431
2023-07-12 13:14:48,50,54,19737,39431
2023-07-12 13:14:48,49,54,19737,39431
2023-07-12 13:15:08,49,53,19737,39431
2023-07-12 13:15:11,48,53,19737,39431
2023-07-12 13:15:15,48,51,19737,39431
2023-07-12 13:15:37,47,51,19737,39431
2023-07-12 13:15:37,47,50,19737,39431
2023-07-12 13:15:48,47,51,19737,39431
2023-07-12 13:15:48,47,48,19737,39431
2023-07-12 13:16:03,46,48,19737,39431
2023-07-12 13:17:28,46,47,19737,39431
2023-07-12 13:17:37,45,47,19737,39431
2023-07-12 13:18:22,46,47,19737,39431
2023-07-12 13:18:25,46,47,19760,39454
2023-07-12 13:18:29,46,48,19763,39457
2023-07-12 13:19:15,46,47,19763,39457
2023-07-12 13:19:31,45,47,19693,39527
2023-07-12 13:19:33,45,46,19693,39527
2023-07-12 13:20:25,44,45,19623,39597
2023-07-12 13:20:54,44,46,19626,39600
2023-07-12 13:20:54,45,46,19626,39600
2023-07-12 13:21:56,44,46,19556,39670
2023-07-12 13:23:03,45,46,19556,39670
2023-07-12 13:23:04,44,46,19556,39670
2023-07-12 13:23:05,45,46,19556,39670
2023-07-12 13:24:11,44,46,19499,39727
2023-07-12 13:24:46,45,46,19499,39727
2023-07-12 13:25:10,45,47,19502,39730
2023-07-12 13:25:10,46,47,19502,39730
2023-07-12 13:25:58,47,48,19525,39754
2023-07-12 13:26:36,47,48,19525,39777
2023-07-12 13:26:42,45,48,19525,39780
2023-07-12 13:26:44,44,48,19525,39780
2023-07-12 13:26:54,44,47,19525,39780
2023-07-12 13:26:59,44,46,19525,39780
2023-07-12 13:27:08,43,46,19439,39866
2023-07-12 13:28:01,44,46,19439,39866
2023-07-12 13:28:12,43,46,19439,39866
2023-07-12 13:28:43,43,45,19439,39866
2023-07-12 13:30:03,44,45,19439,39866
2023-07-12 13:30:09,44,46,19462,39889
2023-07-12 13:30:25,43,46,19462,39889
2023-07-12 13:30:27,42,46,19462,39889
2023-07-12 13:30:28,42,45,19462,39889
2023-07-12 13:30:30,42,44,19462,39889
2023-07-12 13:30:30,41,44,19462,39889
2023-07-12 13:30:38,42,44,19462,39889
2023-07-12 13:30:47,42,43,19462,39889
2023-07-12 13:30:47,41,43,19407,39944
2023-07-12 13:30:48,40,43,19407,40044
2023-07-12 13:30:49,40,43,19607,40244
2023-07-12 13:30:49,40,42,19607,40244
2023-07-12 13:30:54,39,42,19587,40464
2023-07-12 13:31:20,40,42,19587,40464
2023-07-12 13:31:20,40,42,19590,40467
2023-07-12 13:31:22,41,42,19590,40467
2023-07-12 13:31:22,41,44,19596,40473
2023-07-12 13:31:41,41,43,19596,40473
2023-07-12 13:31:46,41,44,19596,40473
2023-07-12 13:31:51,41,43,19596,40473
2023-07-12 13:31:52,41,43,19596,40723
2023-07-12 13:31:52,40,43,19596,40723
2023-07-12 13:32:09,41,43,19596,40723
2023-07-12 13:32:11,41,44,19619,40899
2023-07-12 13:32:41,41,43,19619,40899
2023-07-12 13:33:00,41,44,19619,40899
2023-07-12 13:33:31,41,43,19619,40899
2023-07-12 13:33:42,40,43,19596,40922
2023-07-12 13:34:25,40,42,19596,40922
2023-07-12 13:34:26,39,42,19547,40971
2023-07-12 13:34:28,39,41,19547,40971
2023-07-12 13:34:32,39,42,19547,40971
2023-07-12 13:34:32,39,43,19547,40971
2023-07-12 13:34:50,39,42,19547,40971
2023-07-12 13:35:03,39,40,19547,40971
2023-07-12 13:35:03,39,41,19547,41171
2023-07-12 13:35:03,37,41,19501,41217
2023-07-12 13:35:05,38,41,19501,41217
2023-07-12 13:35:08,37,41,19501,41217
2023-07-12 13:35:09,37,40,19501,41217
2023-07-12 13:35:12,37,41,19501,41217
2023-07-12 13:35:12,37,40,19501,41217
2023-07-12 13:35:14,38,40,19501,41217
2023-07-12 13:35:31,39,40,19501,41217
2023-07-12 13:35:34,39,41,19524,41240
2023-07-12 13:35:41,39,42,19547,41263
2023-07-12 13:35:55,40,42,19547,41263
2023-07-12 13:36:09,40,43,19593,41309
2023-07-12 13:36:17,41,43,19593,41309
2023-07-12 13:36:29,40,43,19593,41309
2023-07-12 13:36:40,40,42,19593,41309
2023-07-12 13:37:08,39,42,19547,41355
2023-07-12 13:37:38,40,42,19547,41355
2023-07-12 13:38:23,39,42,19524,41378
2023-07-12 13:38:42,39,41,19524,41378
2023-07-12 13:38:45,38,41,19455,41447
2023-07-12 13:39:12,38,41,19546,41847
2023-07-12 13:39:13,38,40,19546,41847
2023-07-12 13:39:14,37,40,19546,41870
2023-07-12 13:39:36,38,40,19546,41870
2023-07-12 13:40:01,38,39,19546,41870
2023-07-12 13:40:04,37,39,19546,41870
2023-07-12 13:40:10,37,40,19546,41870
2023-07-12 13:40:25,37,39,19546,41870
2023-07-12 13:40:27,37,40,19546,41870
2023-07-12 13:40:33,37,39,19546,41870
2023-07-12 13:40:39,37,40,19546,41870
2023-07-12 13:40:39,37,38,19546,41870
2023-07-12 13:40:39,37,38,19546,42120
2023-07-12 13:40:41,36,38,19646,42257
2023-07-12 13:40:49,36,39,19669,42280
2023-07-12 13:40:50,36,38,19669,42280
2023-07-12 13:40:51,36,39,19692,42303
2023-07-12 13:40:52,37,39,19692,42303
2023-07-12 13:41:02,37,38,19692,42303
2023-07-12 13:41:02,36,38,19742,42353
2023-07-12 13:41:03,36,39,19742,42503
2023-07-12 13:41:28,37,39,19742,42503
2023-07-12 13:41:29,37,40,19765,42526
2023-07-12 13:41:33,36,40,19765,42526
2023-07-12 13:41:33,36,39,19765,42526
2023-07-12 13:41:49,36,40,19765,42526
2023-07-12 13:41:49,36,39,19765,42526
2023-07-12 13:42:16,37,39,19765,42526
2023-07-12 13:42:23,37,40,19915,42676
2023-07-12 13:42:47,38,40,19915,42676
2023-07-12 13:43:14,37,40,19915,42676
2023-07-12 13:43:55,38,40,19915,42676
2023-07-12 13:43:55,37,40,19923,42684
2023-07-12 13:45:54,38,40,19923,42684
2023-07-12 13:46:16,37,40,19923,42684
2023-07-12 13:46:21,38,40,19923,42684
2023-07-12 13:46:42,39,40,19923,42684
2023-07-12 13:46:42,39,41,19951,42712
2023-07-12 13:46:58,40,41,19951,42712
2023-07-12 13:47:03,40,42,19974,42735
2023-07-12 13:47:03,40,41,19974,42735
2023-07-12 13:47:03,41,42,20019,42780
2023-07-12 13:47:03,41,42,20064,42825
2023-07-12 13:47:06,41,44,20087,42848
2023-07-12 13:47:06,41,43,20087,42848
2023-07-12 13:47:06,42,43,20087,42848
2023-07-12 13:47:08,42,44,20287,43048
2023-07-12 13:47:10,42,43,20287,43048
2023-07-12 13:47:12,42,44,20357,43118
2023-07-12 13:47:26,43,44,20357,43118
2023-07-12 13:47:47,42,44,20357,43118
2023-07-12 13:47:47,43,44,20357,43118
2023-07-12 13:47:48,43,45,20380,43141
2023-07-12 13:47:57,44,45,20380,43141
2023-07-12 13:47:59,44,46,20403,43254
2023-07-12 13:48:03,44,45,20403,43254
2023-07-12 13:48:04,44,46,20403,43254
2023-07-12 13:48:04,44,45,20403,43254
2023-07-12 13:48:05,42,45,20403,43254
2023-07-12 13:48:05,43,45,20403,43254
2023-07-12 13:49:05,42,45,20403,43277
2023-07-12 13:49:30,42,44,20403,43277
2023-07-12 13:49:31,42,43,20403,43277
2023-07-12 13:49:32,40,43,20453,43373
2023-07-12 13:49:37,39,43,20503,43423
2023-07-12 13:49:44,40,43,20503,43423
2023-07-12 13:50:37,39,43,20503,43423
2023-07-12 13:50:37,39,42,20503,43423
2023-07-12 13:50:44,38,42,20503,43497
2023-07-12 13:50:50,39,42,20503,43497
2023-07-12 13:51:04,39,41,20503,43497
2023-07-12 13:51:30,39,42,20531,43525
2023-07-12 13:51:32,40,42,20531,43525
2023-07-12 13:52:10,41,42,20531,43525
2023-07-12 13:52:15,40,42,20531,43525
2023-07-12 13:52:42,41,42,20531,43525
2023-07-12 13:52:43,41,43,20554,43548
2023-07-12 13:53:12,40,43,20554,43548
2023-07-12 13:53:12,41,43,20554,43548
2023-07-12 13:53:21,40,43,20554,43548
2023-07-12 13:53:27,40,42,20554,43548
2023-07-12 13:53:37,39,42,20554,43576
2023-07-12 13:53:57,39,41,20554,43576
2023-07-12 13:53:59,38,41,20554,43599
2023-07-12 13:54:48,39,41,20554,43599
2023-07-12 13:54:51,38,41,20554,43599
2023-07-12 13:55:12,38,40,20554,43599
2023-07-12 13:55:12,37,40,20554,43622
2023-07-12 13:55:16,38,40,20554,43622
2023-07-12 13:55:17,38,41,20554,43622
2023-07-12 13:56:11,37,41,20604,43672
2023-07-12 13:56:12,37,40,20604,43672
2023-07-12 13:56:18,37,41,20604,43672
2023-07-12 13:56:18,37,40,20604,43672
2023-07-12 13:56:19,38,40,20604,43672
2023-07-12 13:56:26,37,40,20604,43672
2023-07-12 13:56:37,38,40,20604,43672
2023-07-12 13:56:40,39,40,20604,43672
2023-07-12 13:56:44,39,41,20647,43715
2023-07-12 13:56:48,40,41,20647,43715
2023-07-12 13:56:49,40,42,20675,43743
2023-07-12 13:56:49,40,41,20675,43743
2023-07-12 13:56:53,40,42,20695,43763
2023-07-12 13:57:00,39,42,20695,43763
2023-07-12 13:57:13,40,42,20695,43763
2023-07-12 13:57:15,41,42,20695,43763
2023-07-12 13:57:18,41,43,20718,43786
2023-07-12 13:57:18,41,42,20718,43786
2023-07-12 13:57:20,41,43,20738,43806
2023-07-12 13:58:26,42,43,20738,43806
2023-07-12 13:58:29,42,44,20761,43829
2023-07-12 13:58:29,42,43,20761,43829
2023-07-12 13:58:31,42,44,20787,43855
2023-07-12 13:58:55,41,44,20787,43855
2023-07-12 13:58:57,41,43,20787,43855
2023-07-12 13:59:07,41,43,20799,43867
2023-07-12 13:59:07,41,44,20799,43867
2023-07-12 13:59:13,41,43,20799,43867
2023-07-12 13:59:22,41,44,20799,43867
2023-07-12 13:59:24,41,43,20799,43867
2023-07-12 13:59:35,40,43,20837,43928
2023-07-12 14:00:08,41,43,20837,43928
2023-07-12 14:00:13,40,43,20837,43928
2023-07-12 14:00:25,41,43,20837,43928
2023-07-12 14:00:53,42,43,20837,43928
2023-07-12 14:01:01,41,43,20837,43928
2023-07-12 14:01:30,42,43,20837,43928
2023-07-12 14:01:39,43,44,20840,43931
2023-07-12 14:01:40,44,45,20863,43954
2023-07-12 14:01:43,45,47,20886,43977
2023-07-12 14:01:43,45,46,20886,43977
2023-07-12 14:01:53,46,49,20946,44037
2023-07-12 14:01:53,46,48,20946,44037
2023-07-12 14:01:53,46,48,21006,44097
2023-07-12 14:01:53,46,49,21006,44097
2023-07-12 14:02:00,46,49,21006,44097
2023-07-12 14:02:01,47,49,21006,44097
2023-07-12 14:02:10,47,50,21006,44097
2023-07-12 14:02:10,47,49,21006,44097
2023-07-12 14:02:16,47,50,21006,44097
2023-07-12 14:02:18,48,50,21006,44097
2023-07-12 14:02:24,48,49,21006,44097
2023-07-12 14:02:24,47,49,21006,44097
2023-07-12 14:02:29,47,48,21006,44097
2023-07-12 14:02:30,45,48,21206,44297
2023-07-12 14:02:31,45,47,21206,44297
2023-07-12 14:02:31,45,48,21206,44297
2023-07-12 14:02:32,45,47,21206,44297
2023-07-12 14:02:43,45,48,21206,44297
2023-07-12 14:02:54,44,48,21206,44297
2023-07-12 14:03:09,45,48,21206,44297
2023-07-12 14:03:18,45,49,21206,44297
2023-07-12 14:03:30,46,49,21206,44297
2023-07-12 14:03:38,46,48,21206,44297
2023-07-12 14:03:41,45,48,21206,44297
2023-07-12 14:03:43,45,47,21206,44297
2023-07-12 14:03:44,44,47,21206,44297
2023-07-12 14:03:51,43,47,21206,44297
2023-07-12 14:04:00,44,47,21206,44297
2023-07-12 14:04:22,43,47,21206,44297
2023-07-12 14:04:22,43,46,21206,44297
2023-07-12 14:04:31,43,45,21206,44297
2023-07-12 14:04:39,43,46,21206,44297
2023-07-12 14:05:16,43,45,21206,44297
2023-07-12 14:05:23,42,45,21206,44320
2023-07-12 14:05:36,43,45,21206,44320
2023-07-12 14:05:41,42,45,21206,44320
2023-07-12 14:05:52,42,44,21206,44320
2023-07-12 14:05:53,41,44,21256,44416
2023-07-12 14:06:59,42,44,21256,44416
2023-07-12 14:07:07,41,44,21256,44419
2023-07-12 14:07:13,41,44,21607,44819
2023-07-12 14:07:13,41,43,21607,44819
2023-07-12 14:07:13,40,43,21607,44819
2023-07-12 14:07:16,40,42,21607,44819
2023-07-12 14:07:18,39,42,21607,44819
2023-07-12 14:07:23,39,41,21607,44819
2023-07-12 14:07:24,39,41,22002,45219
2023-07-12 14:07:24,38,41,22002,45245
2023-07-12 14:07:25,38,42,22002,45245
2023-07-12 14:07:25,38,40,22002,45245
2023-07-12 14:07:26,37,40,22152,45395
2023-07-12 14:07:27,37,41,22152,45395
2023-07-12 14:07:27,38,42,22152,45395
2023-07-12 14:07:27,38,41,22152,45395
2023-07-12 14:07:39,37,41,22152,45395
2023-07-12 14:07:39,37,40,22152,45395
2023-07-12 14:07:56,37,39,22152,45395
2023-07-12 14:07:57,36,39,22152,45395
2023-07-12 14:08:11,36,40,22152,45395
2023-07-12 14:08:11,36,39,22152,45395
2023-07-12 14:08:11,36,38,22152,45395
2023-07-12 14:08:17,36,39,22152,45395
2023-07-12 14:08:22,36,38,22152,45395
2023-07-12 14:08:30,36,39,22152,45395
2023-07-12 14:08:30,36,38,22152,45395
2023-07-12 14:08:30,36,37,22152,45395
2023-07-12 14:08:30,34,37,22202,45462
2023-07-12 14:08:32,35,37,22202,45462
2023-07-12 14:08:34,34,37,22202,45462
2023-07-12 14:08:49,34,36,22202,45462
2023-07-12 14:08:53,33,36,22202,45479
2023-07-12 14:08:58,34,36,22202,45479
2023-07-12 14:08:59,34,37,22202,45479
2023-07-12 14:09:00,34,36,22202,45479
2023-07-12 14:09:14,33,36,22202,45479
2023-07-12 14:09:14,34,36,22202,45479
2023-07-12 14:09:20,35,36,22202,45479
2023-07-12 14:09:22,35,37,22220,45497
2023-07-12 14:09:46,34,37,22220,45497
2023-07-12 14:09:47,35,37,22220,45497
2023-07-12 14:09:55,35,36,22220,45497
2023-07-12 14:09:56,35,37,22220,45497
2023-07-12 14:09:56,33,37,22220,45497
2023-07-12 14:09:56,34,37,22220,45497
2023-07-12 14:10:01,34,36,22220,45497
2023-07-12 14:10:02,34,37,22220,45497
2023-07-12 14:10:06,35,37,22220,45497
2023-07-12 14:10:11,36,37,22220,45497
2023-07-12 14:10:14,36,38,22238,45515
2023-07-12 14:10:19,35,38,22238,45515
2023-07-12 14:10:19,37,38,22238,45515
2023-07-12 14:10:21,37,39,22274,45551
2023-07-12 14:10:21,37,38,22274,45551
2023-07-12 14:10:23,37,39,22292,45569
2023-07-12 14:10:28,37,38,22292,45569
2023-07-12 14:10:29,35,38,22342,45619
2023-07-12 14:10:30,36,38,22342,45619
2023-07-12 14:10:33,36,37,22342,45619
2023-07-12 14:10:36,35,37,22342,45619
2023-07-12 14:10:36,34,37,22342,45619
2023-07-12 14:10:37,34,36,22342,45619
2023-07-12 14:10:42,34,37,22342,45619
2023-07-12 14:10:42,34,35,22342,45619
2023-07-12 14:10:46,34,37,22342,45619
2023-07-12 14:10:46,34,36,22342,45619
2023-07-12 14:11:09,34,35,22342,45619
2023-07-12 14:11:13,33,35,22342,45679
2023-07-12 14:11:13,33,34,22342,45679
2023-07-12 14:11:13,33,34,22402,45739
2023-07-12 14:11:15,31,34,22402,45739
2023-07-12 14:11:15,33,34,22402,45739
2023-07-12 14:11:17,31,33,22342,45799
2023-07-12 14:11:21,30,33,22342,45799
2023-07-12 14:11:29,31,33,22342,45799
2023-07-12 14:11:38,32,33,22342,45799
2023-07-12 14:11:39,33,34,22360,45817
2023-07-12 14:11:44,33,35,22506,45963
2023-07-12 14:11:50,32,35,22506,45963
2023-07-12 14:12:19,32,34,22506,45963
2023-07-12 14:12:43,32,33,22506,45963
2023-07-12 14:13:03,30,32,22488,45981
2023-07-12 14:13:21,31,32,22488,45981
2023-07-12 14:13:58,30,32,22634,46181
2023-07-12 14:13:58,30,31,22634,46181
2023-07-12 14:14:00,27,31,22634,46181
2023-07-12 14:14:00,28,31,22634,46181
2023-07-12 14:14:13,27,31,22634,46181
2023-07-12 14:14:13,28,31,22634,46181
2023-07-12 14:14:22,28,30,22634,46181
2023-07-12 14:14:25,27,30,22634,46181
2023-07-12 14:14:25,28,30,22634,46181
2023-07-12 14:14:32,28,31,22634,46181
2023-07-12 14:14:37,28,30,22634,46181
2023-07-12 14:14:39,28,31,22634,46181
2023-07-12 14:14:46,28,30,22634,46181
2023-07-12 14:14:48,27,30,22634,46181
2023-07-12 14:14:48,28,30,22634,46181
2023-07-12 14:14:52,28,31,22634,46181
2023-07-12 14:14:54,28,30,22634,46181
2023-07-12 14:14:56,28,29,22634,46181
2023-07-12 14:14:57,28,31,22634,46181
2023-07-12 14:14:57,28,30,22634,46181
2023-07-12 14:15:01,28,29,22634,46181
2023-07-12 14:15:04,28,30,22634,46181
2023-07-12 14:15:05,26,30,22634,46181
2023-07-12 14:15:05,27,30,22634,46181
2023-07-12 14:15:09,26,30,22634,46181
2023-07-12 14:15:09,28,30,22634,46181
2023-07-12 14:15:10,28,29,22634,46181
2023-07-12 14:15:11,28,29,22712,46259
2023-07-12 14:15:15,28,30,22712,46259
2023-07-12 14:15:21,28,29,22712,46259
2023-07-12 14:15:25,26,29,22712,46259
2023-07-12 14:15:25,27,29,22712,46259
2023-07-12 14:15:37,26,29,22712,46259
2023-07-12 14:15:37,27,29,22712,46259
2023-07-12 14:16:08,28,29,22712,46259
2023-07-12 14:16:27,27,29,22712,46259
2023-07-12 14:16:27,28,29,22712,46259
2023-07-12 14:16:27,28,30,22730,46277
2023-07-12 14:16:33,27,30,22730,46277
2023-07-12 14:16:33,28,30,22730,46277
2023-07-12 14:16:41,27,30,22730,46277
2023-07-12 14:16:41,28,30,22730,46277
2023-07-12 14:16:55,27,30,22730,46277
2023-07-12 14:16:55,28,30,22730,46277
2023-07-12 14:17:03,28,29,22730,46277
2023-07-12 14:17:05,26,29,22730,46277
2023-07-12 14:17:05,27,29,22730,46277
2023-07-12 14:17:13,26,29,22730,46277
2023-07-12 14:17:17,26,30,22730,46277
2023-07-12 14:17:17,26,29,22730,46277
2023-07-12 14:17:17,26,28,22730,46277
2023-07-12 14:17:20,25,28,22730,46277
2023-07-12 14:17:20,26,28,22730,46277
2023-07-12 14:17:22,26,29,22730,46277
2023-07-12 14:17:22,26,30,22730,46277
2023-07-12 14:17:22,26,29,22730,46277
2023-07-12 14:17:24,26,28,22730,46277
2023-07-12 14:17:27,27,28,22730,46277
2023-07-12 14:17:32,27,30,22733,46280
2023-07-12 14:17:43,28,30,22733,46280
2023-07-12 14:18:28,27,30,22733,46280
2023-07-12 14:18:28,28,30,22733,46280
2023-07-12 14:18:49,28,31,22751,46298
2023-07-12 14:19:05,29,31,22751,46298
2023-07-12 14:19:07,29,33,22787,46334
2023-07-12 14:19:07,29,32,22787,46334
2023-07-12 14:19:08,30,32,22787,46334
2023-07-12 14:19:25,28,32,22787,46334
2023-07-12 14:19:25,30,32,22787,46334
2023-07-12 14:19:41,30,31,22787,46334
2023-07-12 14:19:44,30,32,22787,46334
2023-07-12 14:20:01,29,32,22787,46334
2023-07-12 14:20:01,30,32,22787,46334
2023-07-12 14:20:07,31,32,22787,46334
2023-07-12 14:20:10,33,35,22805,46352
2023-07-12 14:20:10,33,34,22805,46352
2023-07-12 14:20:24,30,34,22805,46352
2023-07-12 14:20:24,32,34,22805,46352
2023-07-12 14:20:26,32,33,22805,46352
2023-07-12 14:20:28,30,33,22805,46352
2023-07-12 14:20:28,29,33,22805,46352
2023-07-12 14:20:28,31,33,22805,46352
2023-07-12 14:20:30,31,32,22805,46352
2023-07-12 14:20:32,29,32,22805,46352
2023-07-12 14:20:33,30,32,22805,46352
2023-07-12 14:20:41,30,31,22805,46352
2023-07-12 14:20:43,28,31,22805,46352
2023-07-12 14:20:52,28,32,22805,46352
2023-07-12 14:20:59,28,31,22805,46352
2023-07-12 14:21:08,28,32,22805,46352
2023-07-12 14:21:09,28,31,22805,46352
2023-07-12 14:21:11,28,32,22805,46352
2023-07-12 14:21:18,30,32,22805,46352
2023-07-12 14:21:41,30,31,22805,46352
2023-07-12 14:21:43,30,32,22805,46352
2023-07-12 14:21:43,28,30,22787,46470
2023-07-12 14:22:21,28,32,22790,46473
2023-07-12 14:22:22,28,31,22790,46473
2023-07-12 14:22:23,28,32,22790,46473
2023-07-12 14:22:27,28,31,22790,46473
2023-07-12 14:22:34,28,30,22790,46473
2023-07-12 14:22:38,28,29,22790,46473
2023-07-12 14:22:42,28,31,22790,46473
2023-07-12 14:22:42,28,30,22790,46473
2023-07-12 14:22:45,28,29,22790,46473
2023-07-12 14:22:47,28,31,22790,46473
2023-07-12 14:22:47,28,30,22790,46473
2023-07-12 14:23:06,29,30,22790,46473
2023-07-12 14:23:06,29,32,22793,46476
2023-07-12 14:23:06,29,31,22793,46476
2023-07-12 14:23:07,30,31,22793,46476
2023-07-12 14:23:16,28,31,22793,46476
2023-07-12 14:23:41,30,31,22793,46476
2023-07-12 14:23:44,30,31,22811,46494
2023-07-12 14:23:47,30,32,22814,46497
2023-07-12 14:23:47,29,32,22814,46497
2023-07-12 14:23:47,31,32,22814,46497
2023-07-12 14:23:57,31,34,22832,46515
2023-07-12 14:23:57,31,33,22832,46515
2023-07-12 14:23:58,30,33,22832,46515
2023-07-12 14:23:58,32,33,22832,46515
2023-07-12 14:23:58,32,33,22853,46536
2023-07-12 14:24:00,32,33,22874,46557
2023-07-12 14:24:17,30,33,22874,46557
2023-07-12 14:24:17,31,33,22874,46557
2023-07-12 14:24:22,31,32,22874,46557
2023-07-12 14:24:28,29,32,22874,46557
2023-07-12 14:24:28,31,32,22874,46557
2023-07-12 14:24:34,29,32,22874,46557
2023-07-12 14:24:34,30,32,22874,46557
2023-07-12 14:24:36,30,31,22874,46557
2023-07-12 14:24:37,28,31,22874,46557
2023-07-12 14:24:37,30,31,22874,46557
2023-07-12 14:24:38,30,33,22874,46557
2023-07-12 14:24:38,30,32,22874,46557
2023-07-12 14:24:41,30,31,22874,46557
2023-07-12 14:24:42,30,31,22874,46807
2023-07-12 14:24:58,30,32,22877,46810
2023-07-12 14:24:59,30,31,22877,46810
2023-07-12 14:25:15,28,30,22841,46896
2023-07-12 14:25:15,28,30,22902,46957
2023-07-12 14:25:17,28,30,22902,47207
2023-07-12 14:26:03,29,30,22902,47207
2023-07-12 14:26:06,30,31,22905,47210
2023-07-12 14:26:11,29,31,22905,47210
2023-07-12 14:26:11,30,31,22905,47210
2023-07-12 14:26:13,29,31,22905,47210
2023-07-12 14:26:14,28,31,22905,47210
2023-07-12 14:26:19,28,30,22905,47210
2023-07-12 14:26:30,28,31,22905,47210
2023-07-12 14:26:33,28,30,22905,47210
2023-07-12 14:26:53,28,29,22905,47210
2023-07-12 14:27:03,28,29,22880,47235
2023-07-12 14:28:05,28,30,22886,47241
2023-07-12 14:28:05,29,30,22886,47241
2023-07-12 14:29:00,28,30,22880,47247
2023-07-12 14:29:00,28,29,22880,47247
2023-07-12 14:29:15,27,29,22880,47247
2023-07-12 14:30:19,28,29,22880,47247
2023-07-12 14:30:34,29,30,22883,47250
2023-07-12 14:30:58,30,31,22886,47253
2023-07-12 14:33:52,29,31,22880,47306
2023-07-12 14:34:04,28,31,22874,47359
2023-07-12 14:34:14,28,29,22874,47359
2023-07-12 14:34:39,28,29,23124,47609
2023-07-12 14:34:39,28,29,23251,47736
2023-07-12 14:35:33,28,29,23251,47738
2023-07-12 14:35:39,27,29,23251,47738
2023-07-12 14:35:46,27,28,23251,47738
2023-07-12 14:35:56,26,28,23251,47738
2023-07-12 14:36:08,26,27,23251,47738
2023-07-12 14:36:18,26,28,23251,47738
2023-07-12 14:36:19,26,27,23251,47738
2023-07-12 14:36:35,25,27,23166,47838
2023-07-12 14:37:12,26,27,23166,47838
2023-07-12 14:37:23,25,27,23166,47838
2023-07-12 14:37:56,25,26,23166,47838
2023-07-12 14:37:58,25,27,23166,47838
2023-07-12 14:38:01,25,26,23166,47838
2023-07-12 14:38:03,25,27,23166,47838
2023-07-12 14:38:16,25,26,23166,47838
2023-07-12 14:38:24,25,27,23166,47838
2023-07-12 14:38:52,26,27,23166,47838
2023-07-12 14:39:47,26,28,23169,47841
2023-07-12 14:40:04,27,28,23169,47841
2023-07-12 14:40:06,28,29,23172,47844
2023-07-12 14:40:20,28,30,23175,47847
2023-07-12 14:40:24,29,30,23175,47847
2023-07-12 14:40:26,29,33,23193,47865
2023-07-12 14:40:27,29,32,23193,47865
2023-07-12 14:40:27,30,32,23193,47865
2023-07-12 14:40:33,31,32,23193,47865
2023-07-12 14:40:34,31,34,23193,47883
2023-07-12 14:40:35,32,34,23193,47883
2023-07-12 14:40:35,33,34,23193,47883
2023-07-12 14:40:36,33,35,23193,47883
2023-07-12 14:40:36,33,36,23193,47883
2023-07-12 14:40:37,33,38,23193,47883
2023-07-12 14:40:37,33,37,23193,47883
2023-07-12 14:40:38,35,37,23193,47883
2023-07-12 14:40:42,35,38,23193,47883
2023-07-12 14:40:42,35,39,23193,47883
2023-07-12 14:40:42,35,38,23193,47883
2023-07-12 14:40:43,36,38,23193,47883
2023-07-12 14:40:47,36,39,23193,47883
2023-07-12 14:40:47,36,40,23193,47883
2023-07-12 14:40:47,36,39,23193,47883
2023-07-12 14:40:49,36,40,23193,47883
2023-07-12 14:40:49,36,41,23193,47883
2023-07-12 14:40:49,36,40,23193,47883
2023-07-12 14:40:49,36,41,23193,47883
2023-07-12 14:40:49,36,40,23193,47883
2023-07-12 14:40:51,36,41,23193,47883
2023-07-12 14:40:51,36,39,23193,47883
2023-07-12 14:40:53,36,40,23193,47883
2023-07-12 14:40:53,35,40,23193,47883
2023-07-12 14:40:53,35,38,23193,47883
2023-07-12 14:40:54,35,40,23193,47883
2023-07-12 14:40:54,35,39,23193,47883
2023-07-12 14:40:59,35,40,23193,47883
2023-07-12 14:40:59,35,39,23193,47883
2023-07-12 14:40:59,35,38,23193,47883
2023-07-12 14:41:04,35,39,23193,47883
2023-07-12 14:41:04,35,40,23193,47883
2023-07-12 14:41:04,35,39,23193,47883
2023-07-12 14:41:04,35,40,23193,47883
2023-07-12 14:41:04,35,39,23193,47883
2023-07-12 14:41:06,35,40,23193,47883
2023-07-12 14:41:06,35,38,23193,47883
2023-07-12 14:41:10,35,40,23193,47883
2023-07-12 14:41:10,35,39,23193,47883
2023-07-12 14:41:11,35,40,23193,47883
2023-07-12 14:41:11,35,38,23193,47883
2023-07-12 14:41:17,35,40,23193,47883
2023-07-12 14:41:17,35,38,23193,47883
2023-07-12 14:41:18,35,39,23211,47901
2023-07-12 14:41:21,35,40,23211,47901
2023-07-12 14:41:21,35,38,23211,47901
2023-07-12 14:41:27,36,38,23211,47901
2023-07-12 14:41:29,36,40,23214,47904
2023-07-12 14:41:39,36,41,23214,47904
2023-07-12 14:41:39,35,41,23214,47904
2023-07-12 14:41:40,35,39,23214,47904
2023-07-12 14:41:40,35,38,23214,47904
2023-07-12 14:41:42,35,39,23214,47904
2023-07-12 14:41:42,35,37,23214,47904
2023-07-12 14:41:43,35,38,23214,47904
2023-07-12 14:41:43,35,37,23214,47904
2023-07-12 14:41:43,35,36,23214,47904
2023-07-12 14:41:46,35,36,23214,48154
2023-07-12 14:41:59,34,35,23196,48172
2023-07-12 14:42:00,34,36,23196,48296
2023-07-12 14:43:59,34,35,23196,48296
2023-07-12 14:44:00,33,34,23178,48314
2023-07-12 14:44:43,31,34,23178,48314
2023-07-12 14:44:50,32,34,23178,48314
2023-07-12 14:45:07,33,34,23178,48314
2023-07-12 14:45:10,33,36,23196,48384
2023-07-12 14:45:52,34,36,23196,48384
2023-07-12 14:45:55,35,36,23196,48384
2023-07-12 14:46:07,37,40,23232,48420
2023-07-12 14:46:07,37,39,23232,48420
2023-07-12 14:46:13,37,40,23232,48420
2023-07-12 14:46:13,37,40,23280,48468
2023-07-12 14:46:13,36,40,23346,48534
2023-07-12 14:46:13,36,38,23346,48534
2023-07-12 14:46:13,36,37,23346,48534
2023-07-12 14:46:15,36,37,23596,48784
2023-07-12 14:46:16,36,39,23710,48898
2023-07-12 14:46:16,36,38,23710,48898
2023-07-12 14:46:17,37,38,23710,48898
2023-07-12 14:46:17,37,38,23743,48931
2023-07-12 14:46:17,37,39,23743,48931
2023-07-12 14:46:17,37,38,23743,48931
2023-07-12 14:46:20,36,38,23743,48931
2023-07-12 14:46:28,35,38,23743,48931
2023-07-12 14:46:30,36,38,23743,48931
2023-07-12 14:46:30,36,38,23815,49003
2023-07-12 14:47:05,38,39,23833,49021
2023-07-12 14:47:23,37,39,23833,49021
2023-07-12 14:47:24,38,39,23833,49021
2023-07-12 14:47:28,38,40,23851,49039
2023-07-12 14:47:30,39,40,23851,49039
2023-07-12 14:47:31,39,41,23869,49057
2023-07-12 14:47:33,40,41,23869,49057
2023-07-12 14:47:35,40,43,23892,49080
2023-07-12 14:47:39,39,43,23892,49080
2023-07-12 14:47:41,39,44,23892,49080
2023-07-12 14:47:41,39,42,23892,49080
2023-07-12 14:47:42,39,40,23892,49080
2023-07-12 14:47:43,39,42,23892,49080
2023-07-12 14:47:43,39,41,23892,49080
2023-07-12 14:47:44,38,41,23892,49080
2023-07-12 14:47:47,38,42,23892,49080
2023-07-12 14:47:47,38,40,23892,49080
2023-07-12 14:47:48,38,42,23892,49080
2023-07-12 14:47:48,38,41,23892,49080
2023-07-12 14:47:53,38,40,23892,49080
2023-07-12 14:48:00,39,40,23892,49080
2023-07-12 14:48:01,39,41,23892,49080
2023-07-12 14:48:01,38,39,23887,49085
2023-07-12 14:48:02,38,41,23887,49085
2023-07-12 14:48:02,38,40,23887,49085
2023-07-12 14:48:05,38,41,23887,49085
2023-07-12 14:48:05,38,42,23887,49085
2023-07-12 14:48:05,38,41,23887,49085
2023-07-12 14:48:20,38,40,23887,49085
2023-07-12 14:48:26,38,41,23887,49085
2023-07-12 14:48:38,39,41,23887,49085
2023-07-12 14:48:42,40,41,23887,49085
2023-07-12 14:48:43,40,45,23887,49090
2023-07-12 14:48:44,41,45,23887,49090
2023-07-12 14:48:45,41,46,23887,49090
2023-07-12 14:48:45,41,44,23887,49090
2023-07-12 14:48:48,40,44,23887,49090
2023-07-12 14:48:59,41,44,23887,49090
2023-07-12 14:48:59,41,46,23887,49090
2023-07-12 14:48:59,41,45,23887,49090
2023-07-12 14:49:01,42,45,23887,49090
2023-07-12 14:49:01,42,46,23887,49090
2023-07-12 14:49:01,42,47,23887,49090
2023-07-12 14:49:01,42,46,23887,49090
2023-07-12 14:49:03,42,47,23887,49090
2023-07-12 14:49:03,43,47,23887,49090
2023-07-12 14:49:03,44,47,23887,49090
2023-07-12 14:49:03,44,48,23887,49090
2023-07-12 14:49:03,44,47,23887,49090
2023-07-12 14:49:04,44,48,23887,49090
2023-07-12 14:49:07,44,49,23887,49090
2023-07-12 14:49:07,44,48,23887,49090
2023-07-12 14:49:07,44,47,23887,49090
2023-07-12 14:49:12,44,49,23887,49090
2023-07-12 14:49:12,44,48,23887,49090
2023-07-12 14:49:14,44,49,23887,49090
2023-07-12 14:49:14,44,47,23887,49090
2023-07-12 14:49:15,44,49,23887,49090
2023-07-12 14:49:15,44,48,23887,49090
2023-07-12 14:49:17,44,47,23887,49090
2023-07-12 14:49:18,43,47,23887,49090
2023-07-12 14:49:22,43,48,23887,49090
2023-07-12 14:49:22,43,47,23887,49090
2023-07-12 14:49:22,43,46,23887,49090
2023-07-12 14:49:23,42,46,23887,49090
2023-07-12 14:49:26,42,47,23887,49090
2023-07-12 14:49:26,42,45,23887,49090
2023-07-12 14:49:27,42,47,23887,49090
2023-07-12 14:49:27,42,46,23887,49090
2023-07-12 14:49:34,42,47,23887,49090
2023-07-12 14:49:34,42,45,23887,49090
2023-07-12 14:49:37,42,47,23887,49090
2023-07-12 14:49:37,42,45,23887,49090
2023-07-12 14:49:37,41,45,23887,49090
2023-07-12 14:49:38,41,44,23887,49090
2023-07-12 14:49:38,41,45,23887,49090
2023-07-12 14:49:38,41,43,23887,49090
2023-07-12 14:49:39,41,45,23887,49090
2023-07-12 14:49:39,41,44,23887,49090
2023-07-12 14:49:45,41,45,23887,49090
2023-07-12 14:49:45,41,43,23887,49090
2023-07-12 14:49:47,40,43,23887,49090
2023-07-12 14:49:49,40,44,23887,49090
2023-07-12 14:49:49,40,42,23887,49090
2023-07-12 14:49:58,40,43,23887,49090
2023-07-12 14:49:58,40,44,23887,49090
2023-07-12 14:49:58,40,43,23887,49090
2023-07-12 14:50:01,40,44,23887,49090
2023-07-12 14:50:01,40,42,23887,49090
2023-07-12 14:50:02,40,44,23887,49090
2023-07-12 14:50:02,40,43,23887,49090
2023-07-12 14:50:03,40,44,23887,49090
2023-07-12 14:50:03,40,42,23887,49090
2023-07-12 14:50:04,40,44,23887,49090
2023-07-12 14:50:04,40,43,23887,49090
2023-07-12 14:50:08,40,44,23887,49090
2023-07-12 14:50:08,40,45,23887,49090
2023-07-12 14:50:08,40,44,23887,49090
2023-07-12 14:50:10,41,44,23887,49090
2023-07-12 14:50:10,41,45,23887,49090
2023-07-12 14:50:10,41,46,23887,49090
2023-07-12 14:50:10,41,45,23887,49090
2023-07-12 14:50:15,42,45,23887,49090
2023-07-12 14:50:18,42,46,23887,49090
2023-07-12 14:50:18,42,47,23887,49090
2023-07-12 14:50:18,42,46,23887,49090
2023-07-12 14:50:24,42,47,23887,49090
2023-07-12 14:50:24,42,45,23887,49090
2023-07-12 14:50:35,42,46,23887,49090
2023-07-12 14:50:35,42,47,23887,49090
2023-07-12 14:50:35,42,46,23887,49090
2023-07-12 14:50:37,43,46,23887,49090
2023-07-12 14:50:38,43,48,23887,49090
2023-07-12 14:50:38,43,47,23887,49090
2023-07-12 14:50:42,44,47,23887,49090
2023-07-12 14:50:48,43,47,23887,49090
2023-07-12 14:50:54,44,47,23887,49090
2023-07-12 14:50:56,45,47,23887,49090
2023-07-12 14:50:58,46,47,23887,49090
2023-07-12 14:50:58,46,49,23887,49108
2023-07-12 14:50:59,46,51,23887,49108
2023-07-12 14:50:59,46,50,23887,49108
2023-07-12 14:51:03,46,50,23887,49208
2023-07-12 14:51:05,47,50,23887,49208
2023-07-12 14:51:11,47,49,23887,49208
2023-07-12 14:51:12,46,49,23887,49208
2023-07-12 14:51:18,46,50,23887,49208
2023-07-12 14:51:20,46,49,23887,49208
2023-07-12 14:51:49,46,49,23897,49218
2023-07-12 14:51:49,46,48,23897,49218
2023-07-12 14:51:56,45,48,23897,49218
2023-07-12 14:52:30,45,47,23897,49218
2023-07-12 14:52:34,45,46,23897,49218
2023-07-12 14:52:41,45,47,23897,49218
2023-07-12 14:52:41,45,46,23897,49218
2023-07-12 14:52:41,44,45,23869,49246
2023-07-12 14:52:47,44,46,23869,49246
2023-07-12 14:52:47,41,44,23841,49274
2023-07-12 14:52:49,41,46,23841,49274
2023-07-12 14:52:49,41,45,23841,49274
2023-07-12 14:53:05,42,45,23841,49274
2023-07-12 14:53:09,41,45,23841,49274
2023-07-12 14:53:09,41,44,23841,49274
2023-07-12 14:53:14,41,45,23841,49274
2023-07-12 14:53:23,41,44,23841,49274
2023-07-12 14:53:28,41,45,23841,49274
2023-07-12 14:53:35,42,45,23841,49274
2023-07-12 14:53:38,43,45,23841,49274
2023-07-12 14:53:39,44,45,23841,49274
2023-07-12 14:53:42,44,47,23859,49292
2023-07-12 14:53:53,45,47,23859,49292
2023-07-12 14:53:55,45,48,23862,49295
2023-07-12 14:53:55,45,47,23862,49295
2023-07-12 14:53:56,45,48,23862,49295
2023-07-12 14:54:21,43,48,23862,49295
2023-07-12 14:54:21,44,48,23862,49295
2023-07-12 14:54:22,44,47,23862,49295
2023-07-12 14:54:25,44,48,23862,49295
2023-07-12 14:54:25,44,47,23862,49295
2023-07-12 14:54:25,44,46,23862,49295
2023-07-12 14:54:25,43,46,23862,49295
2023-07-12 14:55:00,43,45,23862,49295
2023-07-12 14:55:02,43,46,23862,49295
2023-07-12 14:55:04,44,46,23862,49295
2023-07-12 14:55:38,44,45,23862,49295
2023-07-12 14:55:38,43,44,23862,49316
2023-07-12 14:55:39,43,45,23862,49316
2023-07-12 14:55:41,43,45,23862,49316
2023-07-12 14:55:42,43,44,23862,49316
2023-07-12 14:55:43,43,46,23862,49316
2023-07-12 14:55:51,43,45,23862,49316
2023-07-12 14:56:24,43,44,23862,49316
2023-07-12 14:56:25,42,44,23862,49337
2023-07-12 14:56:25,41,44,23862,49358
2023-07-12 14:56:25,41,43,23862,49358
2023-07-12 14:56:28,40,43,23862,49358
2023-07-12 14:56:42,40,42,23862,49358
2023-07-12 14:56:42,40,41,23862,49358
2023-07-12 14:56:52,40,43,23931,49427
2023-07-12 14:56:52,40,42,23931,49427
2023-07-12 14:56:52,40,43,23931,49427
2023-07-12 14:57:20,40,44,23949,49445
2023-07-12 14:57:21,40,43,23949,49445
2023-07-12 14:57:24,41,43,23949,49445
2023-07-12 14:57:25,41,44,23964,49460
2023-07-12 14:57:36,41,43,23964,49460
2023-07-12 14:58:20,41,43,23967,49710
2023-07-12 14:58:22,41,44,23967,49710
2023-07-12 14:58:23,41,43,23967,49710
2023-07-12 14:58:31,41,42,23967,49710
2023-07-12 14:58:32,41,43,23967,49710
2023-07-12 14:58:41,41,42,23967,49710
2023-07-12 14:58:53,40,41,23949,49728
2023-07-12 14:58:54,40,42,23949,49728
2023-07-12 14:58:54,38,40,23905,49772
2023-07-12 14:58:54,37,40,23905,49772
2023-07-12 14:58:59,36,40,23905,49772
2023-07-12 14:59:08,36,39,23905,49772
2023-07-12 14:59:11,36,40,23905,49772
2023-07-12 14:59:15,37,40,23905,49772
2023-07-12 14:59:43,38,40,23905,49772
2023-07-12 14:59:49,38,40,23905,49777
2023-07-12 14:59:53,38,41,23918,49790
2023-07-12 15:00:02,39,41,23918,49790
2023-07-12 15:00:04,38,41,23918,49790
2023-07-12 15:00:13,39,41,23918,49790
2023-07-12 15:00:14,40,41,23918,49790
2023-07-12 15:00:16,40,42,23941,49813
2023-07-12 15:00:16,40,43,23941,49816
2023-07-12 15:00:16,40,42,23941,49816
2023-07-12 15:00:18,40,43,23956,49831
2023-07-12 15:00:20,41,43,23956,49831
2023-07-12 15:00:21,39,43,23956,49831
2023-07-12 15:00:22,39,42,23956,49831
2023-07-12 15:00:23,38,42,23956,49831
2023-07-12 15:00:27,39,42,23956,49831
2023-07-12 15:00:28,39,43,23956,49831
2023-07-12 15:00:28,38,42,23956,49831
2023-07-12 15:00:28,38,41,23956,49831
2023-07-12 15:00:29,37,41,23956,49831
2023-07-12 15:00:29,38,41,23956,49831
2023-07-12 15:00:33,37,41,23956,49831
2023-07-12 15:00:39,38,41,23956,49831
2023-07-12 15:00:41,38,42,23956,49831
2023-07-12 15:00:41,38,43,23956,49831
2023-07-12 15:00:41,38,42,23956,49831
2023-07-12 15:00:46,38,41,23956,49831
2023-07-12 15:00:50,38,42,23956,49831
2023-07-12 15:00:50,38,40,23956,49831
2023-07-12 15:00:55,38,39,23956,49831
2023-07-12 15:00:55,37,38,23951,49836
2023-07-12 15:00:56,37,39,23951,49836
2023-07-12 15:00:56,37,40,23951,49836
2023-07-12 15:00:56,37,39,23951,49836
2023-07-12 15:00:56,35,39,23951,49836
2023-07-12 15:00:56,35,39,23949,49838
2023-07-12 15:00:58,36,39,23949,49838
2023-07-12 15:01:02,35,39,23949,49838
2023-07-12 15:01:08,36,39,23949,49838
2023-07-12 15:01:10,37,39,23949,49838
2023-07-12 15:01:12,38,39,23949,49838
2023-07-12 15:01:17,37,39,23949,49838
2023-07-12 15:01:18,37,41,23952,49841
2023-07-12 15:01:22,38,41,23952,49841
2023-07-12 15:01:28,39,41,23952,49841
2023-07-12 15:01:35,39,43,23960,49849
2023-07-12 15:01:38,40,43,23960,49849
2023-07-12 15:01:39,40,44,23960,49849
2023-07-12 15:01:39,40,45,23960,49849
2023-07-12 15:01:39,40,43,23960,49849
2023-07-12 15:01:43,41,43,23960,49849
2023-07-12 15:01:47,41,43,23960,49857
2023-07-12 15:01:49,42,43,23960,49857
2023-07-12 15:01:51,42,46,23993,49890
2023-07-12 15:01:52,42,45,23993,49890
2023-07-12 15:01:52,42,46,23993,49890
2023-07-12 15:01:57,43,45,23993,49890
2023-07-12 15:02:02,43,47,24011,49908
2023-07-12 15:02:03,44,47,24011,49908
2023-07-12 15:02:03,45,48,24011,49908
2023-07-12 15:02:03,45,49,24011,49908
2023-07-12 15:02:03,45,48,24011,49908
2023-07-12 15:02:06,44,48,24011,49908
2023-07-12 15:02:11,45,48,24011,49908
2023-07-12 15:02:18,44,48,24011,49908
2023-07-12 15:02:22,45,48,24011,49908
2023-07-12 15:02:27,44,48,24011,49908
2023-07-12 15:02:50,45,48,24011,49908
2023-07-12 15:02:54,44,48,24011,49908
2023-07-12 15:02:58,44,47,24011,49908
2023-07-12 15:03:04,44,48,24011,49908
2023-07-12 15:03:08,44,47,24011,49908
2023-07-12 15:03:15,44,48,24011,49908
2023-07-12 15:03:15,44,47,24011,49908
2023-07-12 15:03:15,44,46,24011,49908
2023-07-12 15:03:22,44,45,24011,49908
2023-07-12 15:03:24,44,46,24011,49908
2023-07-12 15:03:24,44,47,24011,49908
2023-07-12 15:03:24,44,46,24011,49908
2023-07-12 15:03:26,43,46,24011,49908
2023-07-12 15:03:44,43,45,24011,49908
2023-07-12 15:03:46,43,44,24011,49908
2023-07-12 15:03:48,43,45,24011,49908
2023-07-12 15:03:48,43,45,23997,49922
2023-07-12 15:03:49,43,44,23997,49922
2023-07-12 15:04:03,41,44,23997,49922
2023-07-12 15:04:03,41,43,23997,49922
2023-07-12 15:04:03,41,42,23997,49922
2023-07-12 15:04:03,41,43,23997,49922
2023-07-12 15:04:03,41,42,23997,49922
2023-07-12 15:04:11,40,42,23997,49925
2023-07-12 15:04:11,40,43,23997,49925
2023-07-12 15:04:13,38,41,23997,49976
2023-07-12 15:04:19,39,41,23997,49976
2023-07-12 15:04:21,38,41,23997,49976
2023-07-12 15:04:27,39,41,23997,49976
2023-07-12 15:04:31,40,41,23997,49976
2023-07-12 15:04:31,40,44,24021,50000
2023-07-12 15:04:32,40,43,24021,50000
2023-07-12 15:04:32,40,44,24021,50000
2023-07-12 15:04:35,40,44,24021,50000
2023-07-12 15:04:35,40,43,24021,50000
2023-07-12 15:04:38,39,43,24021,50000
2023-07-12 15:04:41,38,43,24021,50000
2023-07-12 15:04:44,39,43,24021,50000
2023-07-12 15:05:07,40,43,24021,50000
2023-07-12 15:05:09,41,43,24021,50000
2023-07-12 15:05:11,42,43,24021,50000
2023-07-12 15:05:11,42,43,24039,50018
2023-07-12 15:05:15,42,44,24039,50036
2023-07-12 15:05:15,43,44,24039,50036
2023-07-12 15:05:20,43,47,24042,50039
2023-07-12 15:05:20,43,46,24042,50039
2023-07-12 15:05:26,44,46,24042,50039
2023-07-12 15:05:26,45,46,24042,50039
2023-07-12 15:05:29,45,49,24060,50057
2023-07-12 15:05:32,45,48,24060,50057
2023-07-12 15:05:32,45,46,24060,50057
2023-07-12 15:05:35,45,51,24060,50062
2023-07-12 15:05:35,45,50,24060,50062
2023-07-12 15:05:35,46,50,24060,50062
2023-07-12 15:05:35,47,50,24060,50062
2023-07-12 15:05:53,46,50,24060,50062
2023-07-12 15:05:59,46,49,24060,50062
2023-07-12 15:06:01,46,50,24060,50062
2023-07-12 15:06:01,45,50,24060,50062
2023-07-12 15:06:01,45,48,24060,50062
2023-07-12 15:06:03,45,49,24060,50062
2023-07-12 15:06:08,45,48,24060,50062
2023-07-12 15:06:15,45,47,24060,50062
2023-07-12 15:06:25,45,46,24060,50062
2023-07-12 15:06:30,45,47,24060,50062
2023-07-12 15:06:32,45,46,24060,50062
2023-07-12 15:06:37,45,46,24042,50080
2023-07-12 15:06:41,42,46,24042,50080
2023-07-12 15:06:41,41,46,24042,50080
2023-07-12 15:06:41,41,45,24042,50080
2023-07-12 15:06:41,42,45,24042,50080
2023-07-12 15:06:43,42,44,24042,50080
2023-07-12 15:06:48,42,45,24042,50080
2023-07-12 15:06:53,42,44,24042,50080
2023-07-12 15:06:59,42,45,24042,50080
2023-07-12 15:07:01,42,46,24042,50080
2023-07-12 15:07:06,42,45,24042,50080
2023-07-12 15:07:30,42,44,24042,50080
2023-07-12 15:07:35,42,43,24042,50080
2023-07-12 15:07:41,41,43,24016,50106
2023-07-12 15:07:47,39,43,24016,50106
2023-07-12 15:07:51,39,42,24016,50106
2023-07-12 15:08:01,39,41,24016,50106
2023-07-12 15:08:30,39,42,24016,50106
2023-07-12 15:08:34,40,42,24016,50106
2023-07-12 15:08:38,39,42,24016,50106
2023-07-12 15:08:39,40,42,24016,50106
2023-07-12 15:08:47,41,42,24016,50106
2023-07-12 15:09:25,41,43,24039,50129
2023-07-12 15:09:26,42,43,24039,50129
2023-07-12 15:09:32,41,43,24039,50129
2023-07-12 15:10:00,42,43,24039,50129
2023-07-12 15:10:14,42,45,24057,50147
2023-07-12 15:10:14,43,45,24057,50147
2023-07-12 15:10:27,44,45,24057,50147
2023-07-12 15:10:29,43,45,24057,50147
2023-07-12 15:10:34,44,45,24057,50147
2023-07-12 15:10:34,44,47,24075,50165
2023-07-12 15:10:35,45,47,24075,50165
2023-07-12 15:10:41,46,47,24075,50165
2023-07-12 15:10:45,46,51,24129,50219
2023-07-12 15:10:45,47,51,24129,50219
2023-07-12 15:10:52,46,51,24129,50219
2023-07-12 15:10:54,46,50,24129,50219
2023-07-12 15:11:03,46,51,24129,50219
2023-07-12 15:11:11,47,51,24129,50219
2023-07-12 15:11:27,48,51,24129,50219
2023-07-12 15:11:30,47,51,24129,50219
2023-07-12 15:11:31,46,51,24129,50219
2023-07-12 15:11:31,46,49,24129,50219
2023-07-12 15:11:47,46,48,24129,50219
2023-07-12 15:11:50,46,47,24129,50219
2023-07-12 15:11:52,43,47,24129,50219
2023-07-12 15:11:56,44,47,24129,50219
2023-07-12 15:12:00,43,47,24129,50219
2023-07-12 15:12:06,43,46,24129,50219
2023-07-12 15:12:14,43,45,24129,50219
2023-07-12 15:12:16,43,44,24129,50219
2023-07-12 15:12:25,42,44,24093,50255
2023-07-12 15:12:31,42,43,24093,50255
2023-07-12 15:12:34,42,44,24093,50255
2023-07-12 15:12:37,42,45,24093,50255
2023-07-12 15:12:41,42,46,24093,50255
2023-07-12 15:12:41,42,45,24093,50255
2023-07-12 15:13:35,42,44,24093,50255
2023-07-12 15:13:45,42,45,24093,50255
2023-07-12 15:13:45,41,45,24039,50309
2023-07-12 15:13:51,41,44,24039,50309
2023-07-12 15:13:58,41,45,24039,50309
2023-07-12 15:14:02,41,44,24039,50309
2023-07-12 15:14:13,41,45,24039,50309
2023-07-12 15:14:18,41,44,24039,50309
2023-07-12 15:14:31,43,44,24039,50309
2023-07-12 15:14:32,41,44,24039,50319
2023-07-12 15:14:41,41,43,24039,50319
2023-07-12 15:14:43,39,43,24039,50360
2023-07-12 15:14:52,38,43,24039,50360
2023-07-12 15:14:52,38,42,24039,50360
2023-07-12 15:15:00,39,42,24039,50360
2023-07-12 15:15:00,39,43,24039,50360
2023-07-12 15:15:07,38,43,24039,50360
2023-07-12 15:15:07,38,42,24039,50360
2023-07-12 15:15:11,38,41,24039,50360
2023-07-12 15:15:20,37,41,24039,50360
2023-07-12 15:15:24,36,41,24039,50360
2023-07-12 15:15:24,36,40,24039,50360
2023-07-12 15:15:34,37,40,24039,50360
2023-07-12 15:15:34,37,41,24039,50360
2023-07-12 15:15:34,37,40,24039,50360
2023-07-12 15:15:54,36,40,24039,50360
2023-07-12 15:15:59,36,39,24039,50360
2023-07-12 15:16:00,35,39,24039,50360
2023-07-12 15:16:01,36,39,24039,50360
2023-07-12 15:16:02,36,40,24039,50360
2023-07-12 15:16:02,36,39,24039,50360
2023-07-12 15:16:08,37,39,24039,50360
2023-07-12 15:16:13,38,39,24039,50360
2023-07-12 15:16:23,34,39,24039,50360
2023-07-12 15:16:23,37,39,24039,50360
2023-07-12 15:16:29,34,39,24039,50360
2023-07-12 15:16:29,36,39,24039,50360
2023-07-12 15:16:49,33,39,24039,50360
2023-07-12 15:16:49,35,39,24039,50360
2023-07-12 15:16:53,35,38,24039,50360
2023-07-12 15:17:02,33,38,24039,50360
2023-07-12 15:17:02,36,38,24039,50360
2023-07-12 15:17:03,33,38,24039,50360
2023-07-12 15:17:03,37,38,24039,50360
2023-07-12 15:17:04,37,39,24057,50378
2023-07-12 15:17:04,33,39,24057,50378
2023-07-12 15:17:04,38,39,24057,50378
2023-07-12 15:17:05,38,40,24057,50396
2023-07-12 15:17:06,33,40,24057,50396
2023-07-12 15:17:08,39,41,24075,50414
2023-07-12 15:17:09,40,41,24075,50414
2023-07-12 15:17:10,40,41,24075,50418
2023-07-12 15:17:12,40,44,24094,50437
2023-07-12 15:17:12,40,43,24094,50437
2023-07-12 15:17:13,40,44,24094,50437
2023-07-12 15:17:40,41,44,24094,50437
2023-07-12 15:17:42,40,44,24094,50437
2023-07-12 15:17:48,41,44,24094,50437
2023-07-12 15:17:51,40,44,24094,50437
2023-07-12 15:17:51,42,44,24094,50437
2023-07-12 15:17:51,42,46,24112,50455
2023-07-12 15:17:51,42,45,24112,50455
2023-07-12 15:17:53,42,46,24112,50455
2023-07-12 15:17:56,43,46,24112,50455
2023-07-12 15:18:05,44,46,24112,50455
2023-07-12 15:18:11,41,46,24112,50455
2023-07-12 15:18:13,43,45,24112,50455
2023-07-12 15:18:13,41,45,24112,50455
2023-07-12 15:18:20,42,46,24112,50455
2023-07-12 15:18:20,42,45,24112,50455
2023-07-12 15:18:21,41,45,24112,50455
2023-07-12 15:18:22,40,45,24112,50455
2023-07-12 15:18:23,41,45,24112,50455
2023-07-12 15:18:33,41,44,24112,50455
2023-07-12 15:18:33,41,43,24112,50455
2023-07-12 15:18:35,41,44,24112,50455
2023-07-12 15:18:35,41,43,24112,50455
2023-07-12 15:18:38,40,43,24112,50473
2023-07-12 15:18:38,40,43,24112,50491
2023-07-12 15:18:38,40,42,24112,50491
2023-07-12 15:18:47,37,42,24112,50496
2023-07-12 15:18:47,37,39,24112,50496
2023-07-12 15:18:50,37,42,24117,50501
2023-07-12 15:18:50,37,41,24117,50501
2023-07-12 15:18:51,40,41,24117,50501
2023-07-12 15:18:54,40,42,24117,50501
2023-07-12 15:19:00,40,41,24117,50501
2023-07-12 15:19:10,40,42,24122,50506
2023-07-12 15:19:12,41,42,24122,50506
2023-07-12 15:19:19,41,45,24125,50509
2023-07-12 15:19:19,41,44,24125,50509
2023-07-12 15:19:19,40,44,24125,50509
2023-07-12 15:19:20,42,45,24125,50509
2023-07-12 15:19:35,40,45,24125,50509
2023-07-12 15:19:41,40,45,24125,50509
2023-07-12 15:19:41,44,45,24125,50509
2023-07-12 15:19:44,44,47,24143,50527
2023-07-12 15:19:45,46,47,24143,50527
2023-07-12 15:19:55,42,47,24143,50527
2023-07-12 15:19:55,45,47,24143,50527
2023-07-12 15:19:56,42,47,24143,50527
2023-07-12 15:19:56,46,47,24143,50527
2023-07-12 15:19:59,46,48,24161,50545
2023-07-12 15:20:01,47,48,24161,50545
2023-07-12 15:20:03,47,52,24179,50563
2023-07-12 15:20:03,47,51,24179,50563
2023-07-12 15:20:03,44,51,24179,50563
2023-07-12 15:20:04,42,51,24179,50563
2023-07-12 15:20:04,47,51,24179,50563
2023-07-12 15:20:04,47,52,24179,50563
2023-07-12 15:20:04,50,52,24179,50563
2023-07-12 15:20:04,47,52,24179,50563
2023-07-12 15:20:05,47,52,24177,50565
2023-07-12 15:20:05,51,52,24177,50565
2023-07-12 15:20:13,51,55,24184,50572
2023-07-12 15:20:13,49,55,24184,50572
2023-07-12 15:20:13,53,55,24184,50572
2023-07-12 15:20:17,54,55,24184,50572
2023-07-12 15:20:27,53,55,24184,50572
2023-07-12 15:20:32,54,55,24184,50572
2023-07-12 15:20:41,54,60,24191,50587
2023-07-12 15:20:41,54,59,24191,50587
2023-07-12 15:20:42,50,59,24191,50587
2023-07-12 15:20:42,56,60,24191,50587
2023-07-12 15:20:42,58,60,24191,50587
2023-07-12 15:20:43,56,60,24191,50587
2023-07-12 15:20:43,59,60,24191,50587
2023-07-12 15:20:43,56,60,24191,50632
2023-07-12 15:20:44,59,60,24191,50632
2023-07-12 15:20:46,59,63,24191,50632
2023-07-12 15:20:46,59,64,24191,50632
2023-07-12 15:20:46,59,62,24191,50632
2023-07-12 15:20:46,59,64,24191,50632
2023-07-12 15:20:46,59,63,24191,50632
2023-07-12 15:20:46,56,63,24191,50632
2023-07-12 15:20:46,60,63,24198,50639
2023-07-12 15:20:46,60,64,24198,50639
2023-07-12 15:20:52,59,63,24198,50639
2023-07-12 15:20:55,58,63,24198,50639
2023-07-12 15:20:56,58,62,24198,50639
2023-07-12 15:20:58,58,63,24198,50639
2023-07-12 15:20:58,58,62,24198,50639
2023-07-12 15:21:01,54,62,24198,50639
2023-07-12 15:21:01,59,62,24198,50639
2023-07-12 15:21:05,58,62,24198,50639
2023-07-12 15:21:06,59,62,24198,50639
2023-07-12 15:21:08,59,61,24198,50639
2023-07-12 15:21:09,59,60,24198,50639
2023-07-12 15:21:10,59,61,24198,50639
2023-07-12 15:21:10,59,62,24198,50639
2023-07-12 15:21:10,59,61,24198,50639
2023-07-12 15:21:10,59,62,24198,50639
2023-07-12 15:21:10,59,61,24198,50639
2023-07-12 15:21:12,57,61,24191,50646
2023-07-12 15:21:13,57,62,24191,50646
2023-07-12 15:21:13,57,61,24191,50646
2023-07-12 15:21:13,57,62,24191,50646
2023-07-12 15:21:17,57,61,24191,50646
2023-07-12 15:21:27,57,62,24191,50646
2023-07-12 15:21:27,58,62,24191,50646
2023-07-12 15:21:29,54,62,24191,50646
2023-07-12 15:21:30,54,62,24191,50646
2023-07-12 15:21:33,59,62,24191,50646
2023-07-12 15:21:48,58,62,24191,50646
2023-07-12 15:21:54,59,62,24191,50646
2023-07-12 15:21:59,60,62,24191,50646
2023-07-12 15:22:02,61,62,24191,50646
2023-07-12 15:22:03,60,62,24191,50646
2023-07-12 15:22:05,59,62,24191,50646
2023-07-12 15:22:06,58,62,24191,50646
2023-07-12 15:22:13,59,62,24191,50646
2023-07-12 15:22:15,61,62,24191,50646
2023-07-12 15:22:30,63,64,24205,50660
2023-07-12 15:22:32,62,64,24205,50660
2023-07-12 15:22:32,65,66,24212,50667
2023-07-12 15:22:41,64,66,24212,50667
2023-07-12 15:22:44,63,66,24212,50667
2023-07-12 15:22:46,64,66,24212,50667
2023-07-12 15:22:56,66,69,24219,50674
2023-07-12 15:22:56,66,70,24219,50674
2023-07-12 15:22:56,66,69,24219,50674
2023-07-12 15:22:57,67,69,24219,50674
2023-07-12 15:22:58,68,69,24219,50674
2023-07-12 15:22:59,68,70,24226,50681
2023-07-12 15:22:59,68,69,24226,50681
2023-07-12 15:22:59,68,70,24226,50681
2023-07-12 15:23:00,70,71,24233,50688
2023-07-12 15:23:00,70,74,24233,50688
2023-07-12 15:23:00,70,80,24233,50688
2023-07-12 15:23:00,70,73,24233,50688
2023-07-12 15:23:00,70,72,24233,50688
2023-07-12 15:23:01,69,72,24233,50688
2023-07-12 15:23:01,72,73,24285,50740
2023-07-12 15:23:01,72,75,24285,50740
2023-07-12 15:23:01,72,75,24292,50747
2023-07-12 15:23:01,72,75,24344,50799
2023-07-12 15:23:01,72,74,24344,50799
2023-07-12 15:23:01,72,75,24344,50799
2023-07-12 15:23:01,72,77,24344,50799
2023-07-12 15:23:01,72,77,24344,50799
2023-07-12 15:23:02,72,76,24353,50808
2023-07-12 15:23:02,72,74,24353,50808
2023-07-12 15:23:03,75,81,24353,50893
2023-07-12 15:23:03,75,80,24353,50893
2023-07-12 15:23:03,75,80,24456,50996
2023-07-12 15:23:03,75,78,24456,50996
2023-07-12 15:23:03,75,77,24456,50996
2023-07-12 15:23:03,75,81,24456,50996
2023-07-12 15:23:03,75,80,24456,50996
2023-07-12 15:23:04,73,80,24456,50996
2023-07-12 15:23:04,72,80,24456,50996
2023-07-12 15:23:04,74,80,24456,50996
2023-07-12 15:23:04,75,80,24456,50996
2023-07-12 15:23:04,75,78,24456,50996
2023-07-12 15:23:05,75,78,24462,51002
2023-07-12 15:23:05,75,78,24467,51007
2023-07-12 15:23:11,74,78,24467,51007
2023-07-12 15:23:11,76,78,24467,51007
2023-07-12 15:23:11,76,81,24467,51007
2023-07-12 15:23:11,76,82,24467,51007
2023-07-12 15:23:11,76,80,24467,51007
2023-07-12 15:23:14,76,79,24467,51007
2023-07-12 15:23:14,72,79,24467,51007
2023-07-12 15:23:14,74,79,24467,51007
2023-07-12 15:23:14,74,78,24467,51007
2023-07-12 15:23:15,73,78,24467,51007
2023-07-12 15:23:15,73,79,24467,51007
2023-07-12 15:23:15,75,79,24467,51007
2023-07-12 15:23:21,75,77,24467,51007
2023-07-12 15:23:21,68,77,24467,51007
2023-07-12 15:23:21,73,77,24467,51007
2023-07-12 15:23:22,73,79,24467,51007
2023-07-12 15:23:22,73,78,24467,51007
2023-07-12 15:23:22,73,79,24467,51007
2023-07-12 15:23:22,73,78,24467,51007
2023-07-12 15:23:23,73,77,24467,51007
2023-07-12 15:23:26,73,78,24467,51007
2023-07-12 15:23:26,75,78,24467,51007
2023-07-12 15:23:26,75,78,24467,51007
2023-07-12 15:23:26,75,79,24467,51007
2023-07-12 15:23:27,75,78,24467,51007
2023-07-12 15:23:27,75,79,24467,51007
2023-07-12 15:23:27,75,78,24467,51007
2023-07-12 15:23:27,72,78,24512,51052
2023-07-12 15:23:31,68,78,24512,51052
2023-07-12 15:23:31,70,78,24512,51052
2023-07-12 15:23:31,73,78,24512,51052
2023-07-12 15:23:32,73,79,24512,51052
2023-07-12 15:23:32,73,75,24512,51052
2023-07-12 15:23:32,68,75,24512,51052
2023-07-12 15:23:32,71,75,24512,51052
2023-07-12 15:23:35,67,75,24512,51052
2023-07-12 15:23:35,70,75,24512,51052
2023-07-12 15:23:35,70,74,24512,51052
2023-07-12 15:23:36,70,73,24512,51052
2023-07-12 15:23:36,67,73,24512,51052
2023-07-12 15:23:36,69,73,24512,51052
2023-07-12 15:23:44,68,73,24512,51052
2023-07-12 15:23:44,68,72,24512,51052
2023-07-12 15:23:45,68,71,24512,51052
2023-07-12 15:23:46,66,71,24512,51052
2023-07-12 15:23:47,66,69,24512,51052
2023-07-12 15:23:47,58,69,24512,51052
2023-07-12 15:23:47,65,69,24512,51052
2023-07-12 15:23:58,66,69,24512,51052
2023-07-12 15:24:01,67,69,24512,51052
2023-07-12 15:24:02,65,69,24512,51052
2023-07-12 15:24:02,68,69,24512,51052
2023-07-12 15:24:06,68,75,24512,51054
2023-07-12 15:24:06,68,74,24512,51054
2023-07-12 15:24:06,67,74,24512,51054
2023-07-12 15:24:06,70,74,24512,51054
2023-07-12 15:24:10,70,74,24522,51064
2023-07-12 15:24:10,69,77,24522,51064
2023-07-12 15:24:10,69,77,24522,51064
2023-07-12 15:24:10,69,76,24522,51064
2023-07-12 15:24:10,71,76,24522,51064
2023-07-12 15:24:11,71,77,24522,51064
2023-07-12 15:24:11,71,76,24522,51064
2023-07-12 15:24:14,71,77,24522,51064
2023-07-12 15:24:14,71,76,24522,51064
2023-07-12 15:24:15,67,76,24522,51064
2023-07-12 15:24:15,70,76,24522,51064
2023-07-12 15:24:41,71,76,24522,51064
2023-07-12 15:24:44,72,76,24522,51064
2023-07-12 15:24:47,72,75,24522,51064
2023-07-12 15:24:47,71,75,24522,51064
2023-07-12 15:24:47,71,74,24522,51064
2023-07-12 15:24:47,71,75,24522,51064
2023-07-12 15:24:47,71,74,24522,51064
2023-07-12 15:24:48,71,75,24522,51064
2023-07-12 15:24:48,71,74,24522,51064
2023-07-12 15:24:50,70,74,24522,51064
2023-07-12 15:24:50,70,75,24522,51064
2023-07-12 15:24:53,70,76,24522,51064
2023-07-12 15:24:53,70,74,24522,51064
2023-07-12 15:24:53,70,76,24522,51064
2023-07-12 15:24:53,70,76,24522,51064
2023-07-12 15:24:53,70,75,24522,51064
2023-07-12 15:24:57,70,76,24522,51064
2023-07-12 15:24:57,70,75,24522,51064
2023-07-12 15:25:01,72,75,24522,51064
2023-07-12 15:25:02,74,75,24522,51064
2023-07-12 15:25:02,74,75,24532,51074
2023-07-12 15:25:04,75,76,24539,51081
2023-07-12 15:25:05,78,81,24553,51095
2023-07-12 15:25:05,78,83,24553,51095
2023-07-12 15:25:05,78,80,24553,51095
2023-07-12 15:25:05,78,80,24563,51105
2023-07-12 15:25:05,78,80,24703,51245
2023-07-12 15:25:05,78,80,24737,51279
2023-07-12 15:25:05,78,83,24737,51279
2023-07-12 15:25:05,78,79,24737,51279
2023-07-12 15:25:05,78,83,24737,51279
2023-07-12 15:25:05,78,82,24737,51279
2023-07-12 15:25:07,78,82,24887,51429
2023-07-12 15:25:08,77,82,24887,51429
2023-07-12 15:25:08,77,81,24887,51429
2023-07-12 15:25:08,77,80,24887,51429
2023-07-12 15:25:11,77,80,24887,51430
2023-07-12 15:25:18,78,80,24887,51430
2023-07-12 15:25:19,77,80,24887,51430
2023-07-12 15:25:30,77,80,24887,51431
2023-07-12 15:25:33,78,80,24887,51431
2023-07-12 15:25:34,79,80,24887,51431
2023-07-12 15:25:36,79,80,25038,51582
2023-07-12 15:25:36,78,80,25087,51631
2023-07-12 15:25:38,77,80,25087,51631
2023-07-12 15:25:39,78,80,25087,51631
2023-07-12 15:25:49,78,80,25086,51632
2023-07-12 15:25:49,77,80,25086,51636
2023-07-12 15:25:50,77,80,25086,51638
2023-07-12 15:25:57,77,80,25286,51838
2023-07-12 15:25:59,76,80,25331,51888
2023-07-12 15:26:04,76,80,25335,51892
2023-07-12 15:26:12,76,79,25335,51892
2023-07-12 15:26:12,76,78,25335,51892
2023-07-12 15:26:13,75,78,25335,51897
2023-07-12 15:26:14,75,77,25335,51897
