datetime,bid,ask,open_interest,volume
2023-07-12 09:30:10,26,37,1513,1921
2023-07-12 09:31:00,31,37,1513,1921
2023-07-12 09:31:00,33,37,1513,1921
2023-07-12 09:31:00,34,37,1513,1921
2023-07-12 09:31:08,35,37,1513,1921
2023-07-12 09:31:10,35,37,1913,2321
2023-07-12 09:31:11,35,37,2313,2721
2023-07-12 09:31:11,35,38,2313,2721
2023-07-12 09:31:11,36,38,2313,2721
2023-07-12 09:31:15,37,38,2313,2721
2023-07-12 09:31:18,37,39,2313,2721
2023-07-12 09:31:34,37,40,2313,2721
2023-07-12 09:31:44,37,39,2313,2721
2023-07-12 09:31:50,37,40,2313,2721
2023-07-12 09:31:52,37,39,2313,2721
2023-07-12 09:31:58,37,39,2313,2736
2023-07-12 09:32:01,37,39,2313,2761
2023-07-12 09:32:08,37,38,2313,2761
2023-07-12 09:32:08,37,39,2313,2761
2023-07-12 09:32:09,36,39,2313,2776
2023-07-12 09:32:10,36,37,2313,2776
2023-07-12 09:32:12,36,37,2313,2796
2023-07-12 09:32:22,36,39,2353,2836
2023-07-12 09:32:22,37,39,2353,2836
2023-07-12 09:32:22,36,39,2353,2836
2023-07-12 09:32:24,37,39,2353,2836
2023-07-12 09:32:37,39,40,2378,2861
2023-07-12 09:32:37,37,40,2453,2936
2023-07-12 09:33:06,38,40,2453,2936
2023-07-12 09:33:25,38,39,2453,2936
2023-07-12 09:33:28,39,40,2353,3036
2023-07-12 09:33:58,39,40,2303,3086
2023-07-12 09:34:10,38,40,2303,3091
2023-07-12 09:34:12,38,39,2303,3091
2023-07-12 09:34:26,38,40,2303,3091
2023-07-12 09:35:44,39,40,2303,3091
2023-07-12 09:35:54,38,40,2303,3091
2023-07-12 09:39:43,38,39,2303,3091
2023-07-12 09:40:12,36,39,2303,3091
2023-07-12 09:41:19,36,39,2303,3094
2023-07-12 09:41:29,36,39,2203,3194
2023-07-12 09:41:41,36,38,2203,3194
2023-07-12 09:41:50,36,38,2203,3229
2023-07-12 09:41:50,35,38,2203,3324
2023-07-12 09:41:52,35,38,2203,3359
2023-07-12 09:41:52,35,38,2203,3404
2023-07-12 09:42:35,36,38,2203,3404
2023-07-12 09:42:37,36,38,2203,3429
2023-07-12 09:42:39,35,38,2203,3429
2023-07-12 09:42:44,36,38,2203,3429
2023-07-12 09:42:46,35,38,2203,3429
2023-07-12 09:42:51,36,38,2203,3429
2023-07-12 09:42:53,35,38,2203,3429
2023-07-12 09:42:56,36,38,2203,3429
2023-07-12 09:42:57,35,38,2203,3429
2023-07-12 09:42:58,36,38,2203,3429
2023-07-12 09:43:04,35,38,2203,3429
2023-07-12 09:43:08,36,38,2203,3429
2023-07-12 09:43:52,37,38,2203,3429
2023-07-12 09:44:01,38,39,2203,3459
2023-07-12 09:44:13,38,39,2203,3469
2023-07-12 09:44:22,39,40,2233,3499
2023-07-12 09:44:22,39,40,2328,3594
2023-07-12 09:46:40,40,41,2328,3624
2023-07-12 09:47:55,40,41,2278,3674
2023-07-12 09:48:22,41,42,2278,3704
2023-07-12 09:48:32,42,43,2308,3734
2023-07-12 09:49:31,41,43,2308,3734
2023-07-12 09:49:31,42,43,2308,3734
2023-07-12 09:49:35,41,43,2408,3834
2023-07-12 09:49:36,42,43,2408,3834
2023-07-12 09:50:57,42,44,2408,4064
2023-07-12 09:51:32,43,44,2408,4064
2023-07-12 09:51:43,42,44,2408,4064
2023-07-12 09:51:52,43,44,2408,4064
2023-07-12 09:52:15,42,44,2408,4064
2023-07-12 09:52:36,43,44,2408,4064
2023-07-12 09:52:51,42,44,2408,4064
2023-07-12 09:52:51,43,44,2408,4064
2023-07-12 09:53:34,43,45,2408,4124
2023-07-12 09:56:51,44,45,2408,4124
2023-07-12 09:58:32,45,46,2408,4154
2023-07-12 09:58:33,44,46,2408,4154
2023-07-12 09:58:33,45,46,2408,4154
2023-07-12 09:58:35,45,46,2408,4156
2023-07-12 09:58:39,45,46,2408,4158
2023-07-12 09:58:46,44,46,2408,4158
2023-07-12 09:58:48,45,46,2408,4158
2023-07-12 09:58:49,44,46,2408,4158
2023-07-12 09:58:51,45,46,2408,4158
2023-07-12 09:59:18,44,46,2408,4158
2023-07-12 09:59:27,45,46,2408,4158
2023-07-12 09:59:28,44,46,2408,4158
2023-07-12 09:59:29,45,46,2408,4158
2023-07-12 09:59:30,44,46,2408,4158
2023-07-12 10:00:01,45,46,2408,4158
2023-07-12 10:00:03,44,46,2408,4158
2023-07-12 10:00:07,45,46,2408,4158
2023-07-12 10:00:14,44,46,2408,4158
2023-07-12 10:00:15,45,46,2408,4158
2023-07-12 10:00:16,45,46,2416,4166
2023-07-12 10:00:18,44,46,2416,4166
2023-07-12 10:00:18,45,46,2416,4166
2023-07-12 10:00:31,44,46,2416,4166
2023-07-12 10:00:32,45,46,2416,4166
2023-07-12 10:00:37,44,46,2416,4166
2023-07-12 10:01:07,45,46,2416,4166
2023-07-12 10:01:23,44,46,2416,4166
2023-07-12 10:01:23,44,46,2716,4466
2023-07-12 10:01:25,45,46,2716,4466
2023-07-12 10:01:34,46,47,2746,4496
2023-07-12 10:01:48,45,47,2746,4496
2023-07-12 10:01:48,46,47,2746,4496
2023-07-12 10:01:54,45,47,2746,4496
2023-07-12 10:02:23,46,47,2746,4496
2023-07-12 10:02:27,45,47,2746,4496
2023-07-12 10:02:27,46,47,2746,4496
2023-07-12 10:02:39,45,47,2746,4496
2023-07-12 10:02:39,46,47,2746,4496
2023-07-12 10:02:42,45,47,2746,4496
2023-07-12 10:02:43,46,47,2746,4496
2023-07-12 10:02:50,45,47,2746,4496
2023-07-12 10:03:34,44,47,2746,4496
2023-07-12 10:03:34,45,47,2746,4496
2023-07-12 10:03:47,44,47,2746,4496
2023-07-12 10:03:47,45,47,2746,4496
2023-07-12 10:04:12,44,47,2746,4496
2023-07-12 10:04:12,45,47,2746,4496
2023-07-12 10:04:47,46,47,2746,4496
2023-07-12 10:04:54,45,47,2746,4496
2023-07-12 10:04:54,46,47,2746,4496
2023-07-12 10:05:08,44,47,2746,4496
2023-07-12 10:05:09,46,47,2746,4496
2023-07-12 10:05:17,44,47,2746,4496
2023-07-12 10:05:17,46,47,2746,4496
2023-07-12 10:05:25,44,47,2746,4496
2023-07-12 10:05:26,45,47,2746,4496
2023-07-12 10:05:34,44,47,2746,4496
2023-07-12 10:05:35,46,47,2746,4496
2023-07-12 10:05:43,46,47,2946,4696
2023-07-12 10:05:43,44,47,2946,4696
2023-07-12 10:05:43,45,47,2946,4696
2023-07-12 10:05:45,45,46,2946,4696
2023-07-12 10:06:01,44,46,2946,4696
2023-07-12 10:06:01,45,46,2946,4696
2023-07-12 10:06:06,44,46,2946,4696
2023-07-12 10:06:06,45,46,2946,4696
2023-07-12 10:06:19,44,46,2946,4696
2023-07-12 10:06:19,46,47,3029,4779
2023-07-12 10:06:22,44,47,3029,4779
2023-07-12 10:06:22,46,47,3029,4779
2023-07-12 10:06:29,45,47,3029,4779
2023-07-12 10:07:12,46,47,3029,4779
2023-07-12 10:07:32,46,47,3129,4879
2023-07-12 10:07:41,45,47,3129,4879
2023-07-12 10:07:41,47,48,3259,5009
2023-07-12 10:07:51,45,48,3259,5009
2023-07-12 10:07:51,47,48,3259,5009
2023-07-12 10:08:06,46,48,3259,5009
2023-07-12 10:08:06,47,48,3259,5009
2023-07-12 10:08:27,46,48,3259,5009
2023-07-12 10:08:27,47,48,3259,5009
2023-07-12 10:08:34,46,48,3259,5009
2023-07-12 10:08:34,46,48,3459,5209
2023-07-12 10:08:35,47,48,3459,5209
2023-07-12 10:08:39,48,49,3489,5239
2023-07-12 10:09:00,48,49,3789,5539
2023-07-12 10:09:07,48,49,3849,5739
2023-07-12 10:09:23,48,49,3849,6139
2023-07-12 10:09:24,49,50,3853,6413
2023-07-12 10:09:33,48,50,3853,6413
2023-07-12 10:10:23,49,50,3853,6413
2023-07-12 10:12:52,49,50,3853,6613
2023-07-12 10:13:00,49,50,3853,6813
2023-07-12 10:13:10,49,50,3953,6913
2023-07-12 10:13:47,49,50,4053,7013
2023-07-12 10:14:14,49,50,5553,8513
2023-07-12 10:14:21,49,50,5653,8613
2023-07-12 10:14:29,49,50,5653,8813
2023-07-12 10:15:04,49,50,5831,9146
2023-07-12 10:15:13,49,50,5831,9346
2023-07-12 10:15:15,49,50,5831,9546
2023-07-12 10:15:22,49,50,5831,9746
2023-07-12 10:17:34,49,50,5831,9946
2023-07-12 10:17:36,49,50,5831,10146
2023-07-12 10:17:42,49,50,6148,10546
2023-07-12 10:17:51,49,50,6703,11101
2023-07-12 10:18:06,49,50,7203,11601
2023-07-12 10:18:20,49,50,7603,12001
2023-07-12 10:18:25,49,50,7703,12101
2023-07-12 10:18:28,49,50,8258,12656
2023-07-12 10:19:07,49,50,8658,13056
2023-07-12 10:19:32,49,50,9158,13556
2023-07-12 10:19:32,49,50,9408,13806
2023-07-12 10:19:36,49,50,9658,14056
2023-07-12 10:19:39,49,50,9908,14306
2023-07-12 10:19:41,49,50,10158,14556
2023-07-12 10:19:44,49,50,10408,14806
2023-07-12 10:19:45,49,50,10658,15056
2023-07-12 10:19:47,49,50,10908,15306
2023-07-12 10:19:49,49,50,11158,15556
2023-07-12 10:19:50,49,50,11408,15806
2023-07-12 10:19:50,49,50,11608,16006
2023-07-12 10:19:52,49,50,11858,16256
2023-07-12 10:19:53,49,51,12027,16425
2023-07-12 10:19:59,49,52,12027,16425
2023-07-12 10:20:01,50,52,12027,16425
2023-07-12 10:20:42,51,52,12027,16425
2023-07-12 10:23:19,51,52,12120,16518
2023-07-12 10:23:19,51,52,12213,16611
2023-07-12 10:23:47,51,52,12250,16648
2023-07-12 10:25:07,50,52,12250,16648
2023-07-12 10:25:13,50,51,12250,16648
2023-07-12 10:25:16,50,52,12250,16648
2023-07-12 10:25:25,50,51,12250,16648
2023-07-12 10:26:19,49,51,12253,16651
2023-07-12 10:26:56,50,51,12253,16651
2023-07-12 10:28:12,51,52,12257,16655
2023-07-12 10:30:53,52,53,12261,16659
2023-07-12 10:31:02,51,53,12261,16659
2023-07-12 10:31:02,52,53,12261,16659
2023-07-12 10:31:19,51,53,12261,16659
2023-07-12 10:31:19,51,53,12261,16759
2023-07-12 10:31:22,51,53,12261,16859
2023-07-12 10:31:23,52,53,12261,16859
2023-07-12 10:31:31,52,53,12261,16959
2023-07-12 10:31:43,52,53,12261,17059
2023-07-12 10:35:41,51,53,12261,17059
2023-07-12 10:35:49,52,53,12261,17059
2023-07-12 10:38:58,53,54,12265,17063
2023-07-12 10:38:58,52,53,12361,17159
2023-07-12 10:39:00,53,54,12457,17255
2023-07-12 10:39:01,52,54,12457,17255
2023-07-12 10:39:18,53,54,12457,17255
2023-07-12 10:39:24,52,54,12457,17255
2023-07-12 10:39:24,53,54,12457,17255
2023-07-12 10:41:18,53,54,12657,17455
2023-07-12 10:41:31,53,54,12857,17655
2023-07-12 10:43:58,53,54,13190,17988
2023-07-12 10:44:50,53,54,13390,18188
2023-07-12 10:44:55,53,54,13590,18388
2023-07-12 10:45:00,53,54,13790,18588
2023-07-12 10:46:22,53,54,14345,19143
2023-07-12 10:46:52,53,54,14845,19643
2023-07-12 10:47:03,53,54,15045,19843
2023-07-12 10:47:14,53,54,15295,20093
2023-07-12 10:47:16,53,54,15595,20393
2023-07-12 10:47:17,53,54,15845,20643
2023-07-12 10:47:18,53,54,16145,20943
2023-07-12 10:47:18,53,54,16545,21343
2023-07-12 10:47:21,53,54,16795,21593
2023-07-12 10:47:23,53,54,17195,21993
2023-07-12 10:47:24,53,54,17445,22243
2023-07-12 10:47:26,53,55,17460,22258
2023-07-12 10:49:49,55,56,17466,22264
2023-07-12 10:52:02,55,57,17469,22267
2023-07-12 10:52:16,55,56,17469,22267
2023-07-12 10:52:24,55,57,17469,22267
2023-07-12 10:52:51,55,56,17469,22267
2023-07-12 10:53:41,55,58,17475,22973
2023-07-12 10:53:41,55,56,17475,22973
2023-07-12 10:53:45,55,57,17475,22973
2023-07-12 10:53:46,55,56,17475,22973
2023-07-12 10:53:55,55,56,17495,22993
2023-07-12 10:53:55,55,57,17495,22993
2023-07-12 10:53:57,55,56,17495,22993
2023-07-12 10:54:06,55,57,17495,22993
2023-07-12 10:54:13,55,56,17495,22993
2023-07-12 10:54:25,55,57,17495,22993
2023-07-12 10:54:25,55,56,17495,22993
2023-07-12 10:55:24,54,55,17492,22996
2023-07-12 10:55:29,53,55,17498,23008
2023-07-12 10:55:39,53,56,17498,23008
2023-07-12 10:55:40,53,55,17498,23008
2023-07-12 10:55:41,53,56,17498,23008
2023-07-12 10:55:47,54,56,17498,23008
2023-07-12 10:55:49,54,57,17498,23008
2023-07-12 10:55:49,54,56,17498,23008
2023-07-12 10:56:03,53,56,17498,23008
2023-07-12 10:56:03,54,56,17498,23008
2023-07-12 10:56:25,54,57,17498,23008
2023-07-12 10:56:25,54,56,17498,23008
2023-07-12 10:57:23,54,55,17498,23008
2023-07-12 10:57:35,54,56,17498,23008
2023-07-12 10:57:43,54,55,17498,23008
2023-07-12 10:57:51,53,54,17492,23014
2023-07-12 10:59:35,54,55,17495,23217
2023-07-12 10:59:35,53,55,17495,23217
2023-07-12 10:59:56,54,55,17495,23217
2023-07-12 11:01:28,54,56,17501,23223
2023-07-12 11:03:09,55,56,17501,23223
2023-07-12 11:03:36,54,56,17501,23223
2023-07-12 11:04:06,53,56,17501,23223
2023-07-12 11:04:09,53,56,17495,23277
2023-07-12 11:04:37,54,56,17495,23277
2023-07-12 11:04:38,53,56,17495,23277
2023-07-12 11:04:41,54,56,17495,23277
2023-07-12 11:04:43,53,56,17495,23277
2023-07-12 11:04:46,54,56,17495,23277
2023-07-12 11:05:03,53,56,17495,23277
2023-07-12 11:05:08,54,56,17495,23277
2023-07-12 11:05:23,53,56,17495,23277
2023-07-12 11:05:28,54,56,17495,23277
2023-07-12 11:05:29,53,56,17495,23277
2023-07-12 11:05:58,53,55,17495,23277
2023-07-12 11:07:02,53,54,17495,23277
2023-07-12 11:07:25,53,55,17495,23277
2023-07-12 11:07:40,53,54,17495,23277
2023-07-12 11:07:55,53,55,17495,23277
2023-07-12 11:07:57,53,54,17495,23277
2023-07-12 11:08:24,53,55,17495,23277
2023-07-12 11:08:43,53,54,17495,23277
2023-07-12 11:09:16,52,54,17495,23283
2023-07-12 11:09:16,52,53,17495,23283
2023-07-12 11:09:16,52,54,17495,23283
2023-07-12 11:09:16,52,53,17495,23283
2023-07-12 11:09:54,51,53,17495,23289
2023-07-12 11:10:43,51,52,17495,23289
2023-07-12 11:10:44,51,53,17495,23289
2023-07-12 11:10:45,51,52,17495,23289
2023-07-12 11:10:47,51,53,17495,23289
2023-07-12 11:11:15,51,52,17495,23289
2023-07-12 11:11:23,51,53,17495,23289
2023-07-12 11:11:23,52,53,17495,23289
2023-07-12 11:11:23,51,53,17495,23289
2023-07-12 11:11:26,52,53,17495,23289
2023-07-12 11:11:33,52,55,17498,23292
2023-07-12 11:11:53,53,55,17498,23292
2023-07-12 11:11:58,52,55,17498,23292
2023-07-12 11:11:58,53,55,17498,23292
2023-07-12 11:12:31,54,55,17498,23292
2023-07-12 11:13:21,53,55,17498,23292
2023-07-12 11:14:12,54,55,17498,23292
2023-07-12 11:14:32,53,55,17498,23292
2023-07-12 11:15:17,54,55,17498,23292
2023-07-12 11:15:39,53,55,17498,23292
2023-07-12 11:15:45,54,55,17498,23292
2023-07-12 11:16:09,54,56,17504,23298
2023-07-12 11:16:31,54,57,17507,23301
2023-07-12 11:16:34,55,57,17507,23301
2023-07-12 11:17:18,56,57,17507,23301
2023-07-12 11:17:45,56,58,17510,23304
2023-07-12 11:17:45,56,57,17510,23304
2023-07-12 11:17:47,56,58,17510,23304
2023-07-12 11:17:49,57,58,17510,23304
2023-07-12 11:18:06,57,59,17513,23507
2023-07-12 11:18:54,58,59,17513,23507
2023-07-12 11:20:47,57,59,17513,23507
2023-07-12 11:21:06,57,58,17513,23507
2023-07-12 11:21:11,57,59,17513,23507
2023-07-12 11:21:13,57,59,17583,23577
2023-07-12 11:21:14,56,59,17583,23577
2023-07-12 11:21:15,56,58,17583,23577
2023-07-12 11:21:23,56,59,17583,23577
2023-07-12 11:21:43,56,58,17583,23577
2023-07-12 11:22:22,56,59,17583,23577
2023-07-12 11:22:23,56,58,17583,23577
2023-07-12 11:22:52,56,59,17583,23577
2023-07-12 11:22:54,56,58,17583,23577
2023-07-12 11:22:55,56,59,17583,23577
2023-07-12 11:22:56,56,58,17583,23577
2023-07-12 11:22:57,56,59,17583,23577
2023-07-12 11:23:14,57,59,17583,23577
2023-07-12 11:23:59,58,59,17583,23577
2023-07-12 11:24:31,57,59,17583,23577
2023-07-12 11:25:06,56,59,17583,23577
2023-07-12 11:25:08,56,58,17583,23577
2023-07-12 11:25:08,56,59,17583,23577
2023-07-12 11:25:26,56,58,17583,23577
2023-07-12 11:25:31,56,59,17583,23577
2023-07-12 11:25:50,57,59,17583,23577
2023-07-12 11:26:22,56,59,17583,23577
2023-07-12 11:26:28,56,58,17583,23577
2023-07-12 11:26:35,56,59,17583,23577
2023-07-12 11:27:03,56,58,17583,23577
2023-07-12 11:27:05,56,59,17583,23577
2023-07-12 11:27:07,56,58,17583,23577
2023-07-12 11:27:11,56,59,17583,23577
2023-07-12 11:27:19,56,58,17583,23577
2023-07-12 11:27:34,56,57,17583,23577
2023-07-12 11:27:35,56,58,17583,23577
2023-07-12 11:27:36,56,57,17583,23577
2023-07-12 11:27:37,56,58,17583,23577
2023-07-12 11:27:39,56,57,17583,23577
2023-07-12 11:27:42,55,56,17580,23580
2023-07-12 11:27:42,54,56,17580,23580
2023-07-12 11:27:49,54,57,17580,23580
2023-07-12 11:27:49,54,56,17580,23580
2023-07-12 11:27:59,55,56,17580,23580
2023-07-12 11:27:59,55,57,17580,23580
2023-07-12 11:28:01,55,58,17580,23580
2023-07-12 11:28:02,55,57,17580,23580
2023-07-12 11:28:11,54,57,17580,23580
2023-07-12 11:28:29,54,56,17580,23580
2023-07-12 11:28:30,54,57,17580,23580
2023-07-12 11:28:32,54,56,17580,23580
2023-07-12 11:28:42,54,57,17580,23580
2023-07-12 11:28:44,54,56,17580,23580
2023-07-12 11:28:45,54,57,17580,23580
2023-07-12 11:28:46,54,56,17580,23580
2023-07-12 11:29:00,54,55,17580,23580
2023-07-12 11:29:01,54,56,17580,23580
2023-07-12 11:29:03,54,55,17580,23580
2023-07-12 11:29:05,54,56,17580,23580
2023-07-12 11:29:08,54,55,17580,23580
2023-07-12 11:29:15,53,54,17574,23586
2023-07-12 11:29:38,52,54,17574,23598
2023-07-12 11:30:08,52,53,17574,23598
2023-07-12 11:30:25,52,54,17577,23601
2023-07-12 11:30:30,52,53,17577,23601
2023-07-12 11:30:34,51,52,17571,23607
2023-07-12 11:30:35,51,53,17571,23607
2023-07-12 11:30:54,52,53,17571,23607
2023-07-12 11:31:00,52,54,17574,23610
2023-07-12 11:31:08,52,53,17574,23610
2023-07-12 11:31:10,52,54,17574,23610
2023-07-12 11:31:16,51,54,17574,23610
2023-07-12 11:31:16,52,54,17574,23610
2023-07-12 11:31:29,53,54,17574,23610
2023-07-12 11:31:30,53,55,17577,23613
2023-07-12 11:31:59,52,55,17577,23613
2023-07-12 11:31:59,53,55,17577,23613
2023-07-12 11:32:01,53,54,17577,23613
2023-07-12 11:32:08,51,54,17577,23613
2023-07-12 11:32:08,52,54,17577,23613
2023-07-12 11:32:18,52,53,17577,23613
2023-07-12 11:32:20,52,54,17577,23813
2023-07-12 11:32:20,51,54,17577,23813
2023-07-12 11:32:20,52,54,17577,23813
2023-07-12 11:33:21,53,54,17577,23813
2023-07-12 11:33:26,52,54,17577,23813
2023-07-12 11:34:16,51,52,17574,23816
2023-07-12 11:34:16,51,52,17574,24016
2023-07-12 11:34:18,51,52,17571,24216
2023-07-12 11:34:31,50,52,17571,24216
2023-07-12 11:34:35,49,52,17571,24216
2023-07-12 11:34:37,50,52,17571,24216
2023-07-12 11:35:24,50,51,17571,24216
2023-07-12 11:36:02,50,52,17574,24219
2023-07-12 11:36:06,51,52,17574,24219
2023-07-12 11:36:12,50,52,17574,24219
2023-07-12 11:38:00,50,51,17574,24219
2023-07-12 11:38:05,50,51,17588,24239
2023-07-12 11:38:05,50,52,17588,24239
2023-07-12 11:38:06,50,52,17588,24239
2023-07-12 11:38:06,50,51,17588,24239
2023-07-12 11:38:08,48,51,17774,24425
2023-07-12 11:38:09,48,49,17774,24425
2023-07-12 11:38:09,48,49,17960,24611
2023-07-12 11:38:09,48,49,18052,24703
2023-07-12 11:38:17,48,50,18146,24797
2023-07-12 11:38:20,48,51,18146,24797
2023-07-12 11:38:21,49,51,18146,24797
2023-07-12 11:38:26,49,50,18146,24797
2023-07-12 11:38:31,49,50,18146,24875
2023-07-12 11:38:31,48,50,18146,24875
2023-07-12 11:38:31,49,50,18146,24875
2023-07-12 11:38:36,48,50,18146,25075
2023-07-12 11:38:42,48,49,18146,25075
2023-07-12 11:38:57,48,50,18146,25075
2023-07-12 11:38:59,47,50,18146,25075
2023-07-12 11:39:03,47,49,18146,25075
2023-07-12 11:39:08,46,49,18146,25075
2023-07-12 11:39:09,46,50,18146,25075
2023-07-12 11:39:09,46,49,18146,25075
2023-07-12 11:39:20,47,49,18146,25075
2023-07-12 11:39:23,47,50,18146,25075
2023-07-12 11:39:23,47,49,18146,25075
2023-07-12 11:39:34,47,48,18146,25075
2023-07-12 11:39:41,46,48,18006,25275
2023-07-12 11:39:41,46,47,18006,25275
2023-07-12 11:39:42,46,47,18088,25475
2023-07-12 11:39:42,46,47,18118,25505
2023-07-12 11:39:43,46,47,18318,25705
2023-07-12 11:39:43,45,46,18328,25715
2023-07-12 11:39:43,45,46,18528,25915
2023-07-12 11:39:43,45,46,18568,25955
2023-07-12 11:39:43,45,46,18614,26001
2023-07-12 11:39:43,44,46,18628,26015
2023-07-12 11:39:52,44,45,18628,26015
2023-07-12 11:39:58,44,46,18878,26265
2023-07-12 11:40:00,44,46,18878,26665
2023-07-12 11:40:00,44,46,18878,27065
2023-07-12 11:40:01,44,45,18878,27065
2023-07-12 11:40:02,43,45,18824,27319
2023-07-12 11:40:06,43,45,18903,27398
2023-07-12 11:40:06,43,45,18903,27798
2023-07-12 11:40:06,43,45,18928,27823
2023-07-12 11:40:07,43,44,18928,27823
2023-07-12 11:40:07,43,44,18968,27863
2023-07-12 11:40:07,43,44,19048,27943
2023-07-12 11:40:07,43,44,19048,28343
2023-07-12 11:40:07,43,44,19168,28463
2023-07-12 11:40:07,43,44,19288,28583
2023-07-12 11:40:07,43,44,19338,28633
2023-07-12 11:40:07,43,44,19383,28678
2023-07-12 11:40:07,42,44,19383,28719
2023-07-12 11:40:08,42,44,19583,28919
2023-07-12 11:40:08,42,44,19880,29319
2023-07-12 11:40:08,42,44,19905,29344
2023-07-12 11:40:09,41,44,19980,29419
2023-07-12 11:40:09,41,44,20380,29819
2023-07-12 11:40:09,41,44,20425,29864
2023-07-12 11:40:10,41,44,20825,30264
2023-07-12 11:40:10,41,44,20870,30309
2023-07-12 11:40:10,40,44,20980,30419
2023-07-12 11:40:11,40,44,21380,30819
2023-07-12 11:40:11,40,43,21380,30819
2023-07-12 11:40:12,40,43,21780,31219
2023-07-12 11:40:12,40,42,21780,31219
2023-07-12 11:40:13,40,42,22180,31619
2023-07-12 11:40:13,39,42,22580,32019
2023-07-12 11:40:14,39,41,22580,32019
2023-07-12 11:40:15,38,41,22580,32019
2023-07-12 11:40:15,40,41,22580,32019
2023-07-12 11:40:15,38,41,22580,32089
2023-07-12 11:40:16,38,40,22580,32089
2023-07-12 11:40:17,39,40,22580,32089
2023-07-12 11:40:17,38,39,22380,32289
2023-07-12 11:40:22,38,39,22310,32359
2023-07-12 11:40:24,38,39,22510,32559
2023-07-12 11:40:24,38,39,22710,32759
2023-07-12 11:40:24,38,39,22910,32959
2023-07-12 11:40:24,38,39,23110,33159
2023-07-12 11:40:25,38,39,23310,33359
2023-07-12 11:40:25,38,39,23330,33379
2023-07-12 11:40:25,38,39,23395,33444
2023-07-12 11:40:25,38,39,23460,33509
2023-07-12 11:40:26,36,39,24310,34359
2023-07-12 11:40:26,36,38,24310,34359
2023-07-12 11:40:26,35,38,24503,34552
2023-07-12 11:40:26,35,39,24503,34552
2023-07-12 11:40:26,35,38,24503,34552
2023-07-12 11:40:27,35,38,24703,34752
2023-07-12 11:40:27,35,39,24703,34752
2023-07-12 11:40:28,35,37,24703,34752
2023-07-12 11:40:29,35,36,24703,34752
2023-07-12 11:40:29,35,36,24743,34792
2023-07-12 11:40:32,34,36,24811,34860
2023-07-12 11:40:34,34,36,24891,34940
2023-07-12 11:40:34,34,36,24971,35020
2023-07-12 11:40:35,34,36,24991,35040
2023-07-12 11:40:42,34,36,24991,35290
2023-07-12 11:40:46,34,36,25036,35335
2023-07-12 11:40:47,35,36,25036,35335
2023-07-12 11:40:48,35,36,25148,35447
2023-07-12 11:40:48,35,36,25193,35492
2023-07-12 11:40:49,35,36,25238,35537
2023-07-12 11:40:53,35,36,25238,35787
2023-07-12 11:40:54,34,36,25286,35835
2023-07-12 11:40:54,34,35,25286,35835
2023-07-12 11:40:59,34,36,25286,35835
2023-07-12 11:41:03,34,35,25286,35835
2023-07-12 11:41:03,34,36,25686,36235
2023-07-12 11:41:04,34,35,25686,36235
2023-07-12 11:41:05,34,36,25686,36235
2023-07-12 11:41:32,34,36,25686,36315
2023-07-12 11:41:33,34,35,25686,36315
2023-07-12 11:41:34,31,35,25686,36375
2023-07-12 11:41:34,31,34,25686,36375
2023-07-12 11:41:44,31,33,25686,36375
2023-07-12 11:41:45,31,32,25686,36375
2023-07-12 11:41:46,29,32,25686,36398
2023-07-12 11:41:46,29,32,25686,36563
2023-07-12 11:41:46,29,31,25686,36563
2023-07-12 11:41:47,28,31,25686,36563
2023-07-12 11:41:50,28,32,25686,36563
2023-07-12 11:41:51,28,31,25686,36563
2023-07-12 11:41:55,29,31,25686,36563
2023-07-12 11:41:57,30,31,25686,36563
2023-07-12 11:42:40,31,33,25636,36633
2023-07-12 11:42:41,32,33,25636,36633
2023-07-12 11:42:47,33,34,25636,36653
2023-07-12 11:42:48,32,34,25636,36653
2023-07-12 11:42:49,33,34,25636,36653
2023-07-12 11:42:51,32,34,25636,36653
2023-07-12 11:42:55,33,34,25636,36653
2023-07-12 11:42:58,33,34,25636,36723
2023-07-12 11:42:59,34,37,25636,36733
2023-07-12 11:42:59,34,38,25636,36733
2023-07-12 11:43:00,33,38,25636,36733
2023-07-12 11:43:01,33,37,25636,36733
2023-07-12 11:43:03,33,35,25636,36733
2023-07-12 11:43:15,34,35,25636,36733
2023-07-12 11:43:23,35,36,25636,36753
2023-07-12 11:43:24,34,36,25636,36753
2023-07-12 11:43:26,35,36,25636,36753
2023-07-12 11:43:35,35,39,25636,36753
2023-07-12 11:43:38,35,37,25636,36753
2023-07-12 11:43:39,36,37,25636,36753
2023-07-12 11:43:42,35,37,25636,36753
2023-07-12 11:43:42,35,39,25636,36753
2023-07-12 11:43:45,35,38,25636,36753
2023-07-12 11:43:46,36,38,25636,36753
2023-07-12 11:43:47,35,38,25636,36753
2023-07-12 11:43:48,37,38,25636,36753
2023-07-12 11:44:00,38,39,25586,36803
2023-07-12 11:44:01,37,39,25586,36803
2023-07-12 11:44:28,36,39,25586,36803
2023-07-12 11:44:33,35,39,25586,36803
2023-07-12 11:44:43,35,38,25586,36803
2023-07-12 11:44:44,34,38,25586,36803
2023-07-12 11:44:46,35,38,25586,36803
2023-07-12 11:45:01,35,37,25586,36803
2023-07-12 11:45:03,35,36,25586,36803
2023-07-12 11:45:04,31,36,25686,36903
2023-07-12 11:45:04,31,35,25686,36903
2023-07-12 11:45:05,30,35,25686,36903
2023-07-12 11:45:09,29,35,25686,36903
2023-07-12 11:45:09,29,34,25686,36903
2023-07-12 11:45:11,29,33,25686,36903
2023-07-12 11:45:12,28,33,25686,36903
2023-07-12 11:45:13,29,33,25686,36903
2023-07-12 11:45:14,28,33,25686,36903
2023-07-12 11:45:15,28,32,25686,36903
2023-07-12 11:45:21,29,32,25686,36903
2023-07-12 11:45:21,29,33,25686,36903
2023-07-12 11:45:27,29,34,26086,37303
2023-07-12 11:45:33,30,34,26086,37303
2023-07-12 11:45:35,30,35,26086,37303
2023-07-12 11:45:36,30,34,26086,37303
2023-07-12 11:45:47,31,34,26086,37303
2023-07-12 11:45:52,30,34,26086,37303
2023-07-12 11:46:11,31,34,26086,37303
2023-07-12 11:46:17,32,34,26086,37303
2023-07-12 11:46:24,34,35,26086,37323
2023-07-12 11:46:29,35,38,26086,37343
2023-07-12 11:46:48,36,38,26086,37343
2023-07-12 11:46:53,35,38,26086,37343
2023-07-12 11:46:57,36,38,26086,37343
2023-07-12 11:47:03,35,38,26086,37343
2023-07-12 11:47:04,36,38,26086,37343
2023-07-12 11:47:12,35,38,26086,37343
2023-07-12 11:47:16,35,38,26086,37351
2023-07-12 11:47:18,36,38,26086,37351
2023-07-12 11:47:20,35,38,26086,37351
2023-07-12 11:47:23,36,38,26086,37351
2023-07-12 11:47:49,37,38,26086,37351
2023-07-12 11:47:57,36,38,26086,37351
2023-07-12 11:48:06,37,38,26086,37351
2023-07-12 11:48:08,36,38,26086,37351
2023-07-12 11:48:09,37,38,26086,37351
2023-07-12 11:48:10,36,38,26086,37351
2023-07-12 11:48:13,37,38,26086,37351
2023-07-12 11:48:20,39,40,26036,37473
2023-07-12 11:48:21,38,40,26036,37473
2023-07-12 11:48:28,37,40,26036,37473
2023-07-12 11:48:36,38,40,26036,37473
2023-07-12 11:48:50,39,40,26036,37473
2023-07-12 11:48:59,40,42,26036,37513
2023-07-12 11:49:18,38,42,26036,37513
2023-07-12 11:49:19,39,42,26036,37513
2023-07-12 11:50:08,38,42,26036,37513
2023-07-12 11:50:13,39,42,26036,37513
2023-07-12 11:50:42,40,42,26036,37513
2023-07-12 11:50:43,39,42,26036,37513
2023-07-12 11:51:24,37,42,26036,37513
2023-07-12 11:51:33,36,42,26036,37513
2023-07-12 11:51:33,36,41,26036,37513
2023-07-12 11:51:36,36,40,26036,37513
2023-07-12 11:51:36,35,40,26036,37513
2023-07-12 11:51:39,35,39,26036,37513
2023-07-12 11:51:43,34,39,26036,37513
2023-07-12 11:51:47,35,39,26036,37513
2023-07-12 11:51:54,34,39,26036,37513
2023-07-12 11:51:55,34,38,26036,37513
2023-07-12 11:51:57,34,37,26036,37513
2023-07-12 11:51:58,34,37,26036,37553
2023-07-12 11:52:00,34,36,26036,37553
2023-07-12 11:52:34,32,36,26036,37553
2023-07-12 11:52:37,32,35,26036,37553
2023-07-12 11:52:38,32,36,26036,37553
2023-07-12 11:52:40,32,35,26036,37553
2023-07-12 11:52:41,31,35,26036,37553
2023-07-12 11:52:42,32,35,26036,37553
2023-07-12 11:52:44,31,35,26036,37553
2023-07-12 11:52:45,32,35,26036,37553
2023-07-12 11:52:46,31,35,26036,37553
2023-07-12 11:52:51,31,36,26036,37553
2023-07-12 11:52:51,32,36,26036,37553
2023-07-12 11:52:52,32,35,26036,37553
2023-07-12 11:52:53,31,35,26036,37553
2023-07-12 11:52:54,32,35,26036,37553
2023-07-12 11:52:55,31,35,26036,37553
2023-07-12 11:53:00,31,33,26036,37553
2023-07-12 11:53:02,31,32,26036,37553
2023-07-12 11:53:03,31,32,26036,37593
2023-07-12 11:53:17,31,33,26036,37593
2023-07-12 11:53:24,31,34,26036,37593
2023-07-12 11:53:24,31,35,26036,37593
2023-07-12 11:53:25,30,35,26036,37593
2023-07-12 11:53:25,31,35,26036,37593
2023-07-12 11:53:25,31,33,26036,37593
2023-07-12 11:53:27,30,33,26036,37593
2023-07-12 11:53:27,32,33,26036,37593
2023-07-12 11:53:33,31,33,26036,37593
2023-07-12 11:53:33,30,33,26036,37593
2023-07-12 11:53:33,31,33,26036,37593
2023-07-12 11:53:42,30,33,26036,37593
2023-07-12 11:53:42,29,33,26036,37593
2023-07-12 11:53:43,30,33,26036,37593
2023-07-12 11:53:45,29,33,26036,37593
2023-07-12 11:53:45,31,33,26036,37593
2023-07-12 11:53:54,30,33,26036,37593
2023-07-12 11:53:54,32,33,26036,37593
2023-07-12 11:53:58,30,33,26036,37593
2023-07-12 11:53:58,31,33,26036,37593
2023-07-12 11:54:06,30,33,26036,37593
2023-07-12 11:54:08,31,33,26036,37593
2023-07-12 11:54:18,32,33,26036,37593
2023-07-12 11:54:24,31,33,26036,37593
2023-07-12 11:54:24,33,34,26036,37613
2023-07-12 11:54:53,34,35,26036,37633
2023-07-12 11:55:01,33,35,26036,37633
2023-07-12 11:55:02,34,35,26036,37633
2023-07-12 11:55:49,35,36,26036,37653
2023-07-12 11:56:24,34,35,26036,37793
2023-07-12 11:56:24,33,35,26036,37793
2023-07-12 11:56:25,33,36,26036,37793
2023-07-12 11:56:29,32,33,26036,37863
2023-07-12 11:56:29,31,32,26036,37933
2023-07-12 11:56:29,30,32,26036,37933
2023-07-12 11:56:29,28,32,26036,37933
2023-07-12 11:56:40,28,31,26036,37933
2023-07-12 11:56:43,28,32,26036,37933
2023-07-12 11:56:56,28,31,26036,37933
2023-07-12 11:56:59,28,30,26036,37933
2023-07-12 11:57:03,28,29,26036,37933
2023-07-12 11:57:06,28,30,26036,37933
2023-07-12 11:57:15,26,30,26036,37933
2023-07-12 11:57:50,28,30,26036,37933
2023-07-12 11:57:51,29,30,26036,37933
2023-07-12 11:57:52,28,30,26036,37933
2023-07-12 11:57:56,29,30,26036,37933
2023-07-12 11:57:58,28,30,26036,37933
2023-07-12 11:57:59,29,30,26036,37933
2023-07-12 11:58:15,30,31,26036,37973
2023-07-12 11:58:28,31,32,26036,38013
2023-07-12 11:58:29,30,32,26036,38013
2023-07-12 11:58:33,31,32,26036,38013
2023-07-12 11:58:35,30,32,26036,38013
2023-07-12 11:58:46,29,32,26036,38013
2023-07-12 11:58:46,28,32,26036,38013
2023-07-12 11:58:47,27,32,26036,38013
2023-07-12 11:58:47,27,31,26036,38013
2023-07-12 11:58:47,26,31,26036,38013
2023-07-12 11:58:48,28,31,26036,38013
2023-07-12 11:58:49,26,31,26036,38013
2023-07-12 11:58:49,27,31,26036,38013
2023-07-12 11:58:51,26,31,26036,38013
2023-07-12 11:59:04,27,31,26036,38013
2023-07-12 11:59:07,26,31,26036,38013
2023-07-12 11:59:10,26,30,26036,38013
2023-07-12 11:59:16,26,31,26036,38013
2023-07-12 11:59:17,26,30,26036,38013
2023-07-12 11:59:19,27,30,26036,38013
2023-07-12 11:59:21,26,30,26036,38013
2023-07-12 11:59:22,27,30,26036,38013
2023-07-12 11:59:26,26,30,26036,38013
2023-07-12 11:59:42,27,30,26036,38013
2023-07-12 11:59:46,26,30,26036,38013
2023-07-12 11:59:47,27,30,26036,38013
2023-07-12 11:59:52,26,30,26036,38013
2023-07-12 11:59:54,27,30,26036,38013
2023-07-12 11:59:55,28,30,26036,38013
2023-07-12 12:00:37,29,30,26036,38013
2023-07-12 12:00:58,30,31,26036,38033
2023-07-12 12:01:15,31,32,26036,38053
2023-07-12 12:01:36,32,33,26036,38093
2023-07-12 12:01:39,31,33,26036,38093
2023-07-12 12:01:48,32,33,26036,38093
2023-07-12 12:01:49,31,33,26036,38093
2023-07-12 12:01:51,32,33,26036,38093
2023-07-12 12:01:56,31,33,26036,38093
2023-07-12 12:01:58,32,33,26036,38093
2023-07-12 12:02:07,31,33,26036,38093
2023-07-12 12:02:12,30,33,26036,38093
2023-07-12 12:02:45,30,32,26036,38093
2023-07-12 12:02:46,30,31,26036,38093
2023-07-12 12:02:48,29,31,26036,38133
2023-07-12 12:02:48,29,30,26036,38133
2023-07-12 12:02:55,26,30,26036,38133
2023-07-12 12:02:55,27,30,26036,38133
2023-07-12 12:03:09,27,29,26036,38133
2023-07-12 12:03:11,27,28,26036,38133
2023-07-12 12:03:16,27,29,26036,38133
2023-07-12 12:03:23,27,28,26036,38133
2023-07-12 12:03:30,26,27,26036,38203
2023-07-12 12:03:31,26,28,26036,38203
2023-07-12 12:03:38,26,29,26036,38203
2023-07-12 12:03:41,26,28,26036,38203
2023-07-12 12:04:08,26,28,25703,38536
2023-07-12 12:04:49,27,28,25703,38536
2023-07-12 12:04:58,26,28,25703,38536
2023-07-12 12:05:10,27,28,25703,38536
2023-07-12 12:05:20,26,28,25703,38536
2023-07-12 12:05:21,27,28,25703,38536
2023-07-12 12:05:23,26,28,25703,38536
2023-07-12 12:05:24,27,28,25703,38536
2023-07-12 12:07:22,28,29,25703,38556
2023-07-12 12:07:25,29,30,25703,38576
2023-07-12 12:09:21,28,30,25603,38676
2023-07-12 12:09:24,27,30,25603,38676
2023-07-12 12:09:52,28,30,25603,38676
2023-07-12 12:09:56,27,30,25603,38676
2023-07-12 12:09:59,28,30,25603,38676
2023-07-12 12:10:00,27,30,25603,38676
2023-07-12 12:10:29,27,29,25603,38676
2023-07-12 12:10:51,28,29,25603,38676
2023-07-12 12:10:57,29,30,25603,38716
2023-07-12 12:11:16,30,32,25603,38796
2023-07-12 12:11:27,30,33,25603,38796
2023-07-12 12:11:31,31,33,25603,38796
2023-07-12 12:11:44,31,35,25603,38796
2023-07-12 12:11:45,31,34,25603,38796
2023-07-12 12:11:46,32,34,25603,38796
2023-07-12 12:11:48,32,34,25353,39046
2023-07-12 12:12:18,33,34,25353,39046
2023-07-12 12:12:21,32,34,25353,39046
2023-07-12 12:12:21,34,35,25353,39086
2023-07-12 12:12:30,32,35,25353,39086
2023-07-12 12:12:30,33,35,25353,39086
2023-07-12 12:12:31,32,35,25353,39086
2023-07-12 12:12:31,34,35,25353,39086
2023-07-12 12:12:42,34,35,24993,39446
2023-07-12 12:12:54,33,35,24993,39446
2023-07-12 12:12:54,35,37,24993,39486
2023-07-12 12:13:03,36,37,24993,39486
2023-07-12 12:13:10,36,37,24733,39746
2023-07-12 12:13:28,35,37,24733,39746
2023-07-12 12:13:31,36,37,24733,39746
2023-07-12 12:13:32,35,37,24733,39746
2023-07-12 12:13:41,36,37,24733,39746
2023-07-12 12:13:49,35,37,24733,39746
2023-07-12 12:13:50,36,37,24733,39746
2023-07-12 12:13:51,35,37,23833,40646
2023-07-12 12:14:28,34,37,23833,40646
2023-07-12 12:14:41,33,37,23833,40646
2023-07-12 12:14:43,33,36,23833,40646
2023-07-12 12:14:49,33,37,23833,40646
2023-07-12 12:15:01,34,37,23833,40646
2023-07-12 12:15:13,33,37,23833,40646
2023-07-12 12:15:15,33,36,23833,40646
2023-07-12 12:15:24,32,36,23793,41086
2023-07-12 12:15:24,32,35,23793,41086
2023-07-12 12:15:26,33,35,23793,41086
2023-07-12 12:15:36,33,34,23793,41086
2023-07-12 12:15:37,31,33,23713,41166
2023-07-12 12:15:42,30,33,23713,41166
2023-07-12 12:15:56,30,34,23713,41166
2023-07-12 12:15:56,30,32,23713,41166
2023-07-12 12:15:59,30,34,23713,41166
2023-07-12 12:15:59,30,33,23713,41166
2023-07-12 12:16:02,30,32,23713,41166
2023-07-12 12:16:13,30,33,23713,41166
2023-07-12 12:16:13,30,31,23713,41166
2023-07-12 12:16:27,30,32,23713,41166
2023-07-12 12:16:27,28,30,23673,41206
2023-07-12 12:16:28,27,30,23673,41206
2023-07-12 12:16:29,26,30,23673,41206
2023-07-12 12:16:29,26,29,23673,41206
2023-07-12 12:16:29,26,30,23673,41206
2023-07-12 12:16:29,26,28,23673,41206
2023-07-12 12:16:29,26,28,23653,41226
2023-07-12 12:16:30,26,28,23653,41476
2023-07-12 12:16:35,26,29,23653,41486
2023-07-12 12:16:39,26,29,23703,41536
2023-07-12 12:16:39,27,29,23703,41536
2023-07-12 12:16:47,27,30,23703,41536
2023-07-12 12:16:53,26,30,23703,41536
2023-07-12 12:16:53,28,30,23703,41536
2023-07-12 12:16:56,27,30,23703,41536
2023-07-12 12:16:56,29,30,23703,41536
2023-07-12 12:16:59,27,30,23703,41536
2023-07-12 12:16:59,28,30,23703,41536
2023-07-12 12:17:05,28,30,23726,41559
2023-07-12 12:17:08,28,31,23726,41559
2023-07-12 12:17:14,27,31,23726,41559
2023-07-12 12:17:14,29,31,23726,41559
2023-07-12 12:17:17,29,32,23726,41559
2023-07-12 12:17:17,30,32,23726,41559
2023-07-12 12:17:24,29,32,23726,41559
2023-07-12 12:17:24,31,32,23726,41559
2023-07-12 12:17:28,31,33,23772,41605
2023-07-12 12:17:45,30,33,23772,41605
2023-07-12 12:17:45,30,32,23772,41605
2023-07-12 12:17:45,28,32,23772,41605
2023-07-12 12:17:46,28,31,23772,41605
2023-07-12 12:17:47,27,31,23772,41605
2023-07-12 12:17:47,29,31,23772,41605
2023-07-12 12:17:47,29,30,23772,41605
2023-07-12 12:17:48,27,30,23772,41605
2023-07-12 12:17:48,28,30,23772,41605
2023-07-12 12:17:54,28,30,24022,41855
2023-07-12 12:17:58,28,29,24022,41855
2023-07-12 12:17:58,26,29,24022,41855
2023-07-12 12:17:58,27,29,24022,41855
2023-07-12 12:18:11,28,29,24022,41855
2023-07-12 12:18:13,27,29,24022,41855
2023-07-12 12:18:13,29,31,24022,41858
2023-07-12 12:19:02,29,30,24022,41858
2023-07-12 12:19:28,28,29,24022,41904
2023-07-12 12:19:29,28,30,24022,41904
2023-07-12 12:19:36,28,29,24022,41904
2023-07-12 12:19:37,28,30,24022,41904
2023-07-12 12:19:41,28,29,24022,41904
2023-07-12 12:19:42,28,30,24022,41904
2023-07-12 12:20:32,29,30,24022,41904
2023-07-12 12:21:11,30,31,24022,41907
2023-07-12 12:21:20,31,33,24022,41910
2023-07-12 12:21:25,30,33,24022,41910
2023-07-12 12:21:26,30,32,24022,41910
2023-07-12 12:22:01,30,31,24022,41910
2023-07-12 12:22:02,30,32,24022,41910
2023-07-12 12:22:03,30,31,24022,41910
2023-07-12 12:22:05,30,32,24022,41910
2023-07-12 12:22:07,30,31,24022,41910
2023-07-12 12:22:08,30,32,24022,41910
2023-07-12 12:22:09,30,31,24022,41910
2023-07-12 12:22:15,29,31,24022,41933
2023-07-12 12:23:08,30,31,24022,41933
2023-07-12 12:23:10,29,31,24022,41933
2023-07-12 12:23:10,31,32,24022,41936
2023-07-12 12:23:11,29,32,24022,41936
2023-07-12 12:23:11,30,32,24022,41936
2023-07-12 12:23:14,29,32,23734,42224
2023-07-12 12:23:17,30,32,23734,42224
2023-07-12 12:23:38,31,32,23734,42224
2023-07-12 12:23:39,30,32,23734,42224
2023-07-12 12:23:43,31,32,23734,42224
2023-07-12 12:23:48,30,32,23734,42224
2023-07-12 12:25:29,31,32,23734,42224
2023-07-12 12:25:44,31,33,23737,42227
2023-07-12 12:26:01,30,33,23737,42227
2023-07-12 12:26:07,31,33,23737,42227
2023-07-12 12:26:08,31,32,23737,42227
2023-07-12 12:26:08,30,32,23737,42227
2023-07-12 12:26:10,30,31,23737,42227
2023-07-12 12:26:11,29,31,23741,42254
2023-07-12 12:26:11,29,30,23741,42254
2023-07-12 12:26:12,28,30,23741,42280
2023-07-12 12:26:13,28,29,23741,42280
2023-07-12 12:26:15,28,30,23741,42280
2023-07-12 12:26:21,28,30,23743,42282
2023-07-12 12:26:33,28,29,23743,42282
2023-07-12 12:26:49,27,29,23743,42282
2023-07-12 12:27:40,28,29,23743,42282
2023-07-12 12:28:01,28,30,23766,42305
2023-07-12 12:28:16,29,30,23766,42305
2023-07-12 12:28:57,29,33,23814,42353
2023-07-12 12:28:57,30,33,23814,42353
2023-07-12 12:29:05,29,33,23814,42353
2023-07-12 12:29:29,29,32,23814,42353
2023-07-12 12:29:34,29,33,23814,42353
2023-07-12 12:29:53,29,32,23814,42353
2023-07-12 12:30:10,29,31,23814,42353
2023-07-12 12:30:46,30,31,23814,42353
2023-07-12 12:31:03,30,32,23837,42376
2023-07-12 12:31:04,31,32,23837,42376
2023-07-12 12:31:11,31,33,23860,42399
2023-07-12 12:31:28,30,33,23860,42399
2023-07-12 12:31:32,29,33,23860,42399
2023-07-12 12:31:39,30,33,23860,42399
2023-07-12 12:31:57,30,33,23862,42401
2023-07-12 12:32:09,30,32,23862,42401
2023-07-12 12:32:11,30,33,23862,42401
2023-07-12 12:32:14,31,33,23862,42401
2023-07-12 12:32:21,30,33,23862,42401
2023-07-12 12:32:25,31,33,23862,42401
2023-07-12 12:32:46,32,33,23862,42401
2023-07-12 12:32:52,32,34,23883,42422
2023-07-12 12:33:01,33,34,23883,42422
2023-07-12 12:33:07,33,35,23906,42445
2023-07-12 12:33:11,34,35,23906,42445
2023-07-12 12:33:27,33,35,23906,42445
2023-07-12 12:33:34,32,35,23886,42865
2023-07-12 12:33:43,32,34,23886,42865
2023-07-12 12:33:45,32,35,23886,42865
2023-07-12 12:33:47,33,35,23886,42865
2023-07-12 12:34:11,34,35,23886,42865
2023-07-12 12:34:15,34,36,23909,42888
2023-07-12 12:34:15,33,36,23909,42888
2023-07-12 12:34:20,34,36,23909,42888
2023-07-12 12:34:57,34,36,23932,43138
2023-07-12 12:34:58,34,37,23932,43311
2023-07-12 12:36:06,34,36,23932,43311
2023-07-12 12:36:22,32,36,23755,43597
2023-07-12 12:36:45,33,36,23755,43597
2023-07-12 12:36:53,34,36,23755,43597
2023-07-12 12:37:28,35,36,23755,43597
2023-07-12 12:37:31,35,37,23778,43620
2023-07-12 12:37:32,36,37,23778,43620
2023-07-12 12:37:34,36,39,23801,43643
2023-07-12 12:37:37,37,39,23801,43643
2023-07-12 12:37:37,37,40,23801,43643
2023-07-12 12:37:41,36,40,23801,43643
2023-07-12 12:37:42,36,39,23801,43643
2023-07-12 12:37:43,37,39,23801,43643
2023-07-12 12:37:43,37,40,23801,43643
2023-07-12 12:37:46,37,41,23801,43643
2023-07-12 12:37:47,38,41,23801,43643
2023-07-12 12:37:53,37,41,23801,44043
2023-07-12 12:37:53,37,40,23801,44043
2023-07-12 12:38:02,37,39,23801,44043
2023-07-12 12:38:05,37,39,23801,44293
2023-07-12 12:38:08,37,40,23801,44443
2023-07-12 12:38:17,36,40,23801,44443
2023-07-12 12:38:18,36,40,23921,44563
2023-07-12 12:38:18,37,40,23921,44563
2023-07-12 12:38:19,36,40,23921,44563
2023-07-12 12:38:19,38,40,23921,44563
2023-07-12 12:38:25,38,41,23921,44563
2023-07-12 12:38:38,37,38,23801,44683
2023-07-12 12:38:40,37,38,23801,44933
2023-07-12 12:38:42,37,41,23801,44963
2023-07-12 12:38:49,38,41,23801,44963
2023-07-12 12:39:33,37,41,23801,44963
2023-07-12 12:39:47,38,41,23801,44963
2023-07-12 12:39:52,37,41,23801,45363
2023-07-12 12:39:52,37,40,23801,45363
2023-07-12 12:39:55,38,40,23801,45363
2023-07-12 12:39:56,38,40,23801,45613
2023-07-12 12:39:58,38,41,23801,45763
2023-07-12 12:40:23,38,40,23801,45763
2023-07-12 12:40:25,38,40,23801,46013
2023-07-12 12:40:27,38,41,23801,46163
2023-07-12 12:40:57,38,40,23801,46163
2023-07-12 12:40:59,38,40,23801,46413
2023-07-12 12:41:00,38,41,23801,46563
2023-07-12 12:41:06,37,41,23801,46563
2023-07-12 12:41:12,38,41,23801,46563
2023-07-12 12:41:33,38,40,23801,46563
2023-07-12 12:41:35,38,40,23801,46813
2023-07-12 12:41:36,39,40,23801,46813
2023-07-12 12:41:37,39,41,23801,46963
2023-07-12 12:41:57,39,42,23824,46986
2023-07-12 12:42:28,39,41,23824,46986
2023-07-12 12:42:37,39,40,23824,46986
2023-07-12 12:42:40,37,40,23824,46986
2023-07-12 12:42:41,37,41,23824,46986
2023-07-12 12:42:41,37,40,23824,46986
2023-07-12 12:43:08,38,40,23824,46986
2023-07-12 12:43:17,38,39,23824,46986
2023-07-12 12:43:18,38,40,23824,47236
2023-07-12 12:43:55,37,38,23801,47259
2023-07-12 12:44:16,36,38,23801,47259
2023-07-12 12:44:19,36,37,23801,47259
2023-07-12 12:44:40,36,38,23801,47259
2023-07-12 12:44:42,35,38,23801,47259
2023-07-12 12:45:29,35,37,23801,47259
2023-07-12 12:45:59,35,38,23804,47262
2023-07-12 12:46:01,36,38,23804,47262
2023-07-12 12:46:15,36,38,23824,47282
2023-07-12 12:47:10,36,39,23827,47285
2023-07-12 12:47:29,37,39,23827,47285
2023-07-12 12:47:43,38,39,23827,47285
2023-07-12 12:47:43,38,40,23850,47308
2023-07-12 12:48:00,38,41,23873,47331
2023-07-12 12:48:01,39,41,23873,47331
2023-07-12 12:48:06,40,41,23873,47331
2023-07-12 12:48:10,40,42,23896,47354
2023-07-12 12:48:27,39,42,23896,47354
2023-07-12 12:48:29,40,42,23896,47354
2023-07-12 12:48:51,39,42,23896,47354
2023-07-12 12:49:10,40,42,23896,47354
2023-07-12 12:49:20,41,42,23896,47354
2023-07-12 12:49:20,41,43,23919,47377
2023-07-12 12:49:32,41,44,23942,47400
2023-07-12 12:49:34,43,44,23942,47400
2023-07-12 12:49:35,43,46,23942,47423
2023-07-12 12:49:40,44,46,23942,47423
2023-07-12 12:49:51,45,46,23942,47423
2023-07-12 12:49:51,45,47,23995,47476
2023-07-12 12:49:54,44,47,23995,47476
2023-07-12 12:50:00,43,47,23995,47476
2023-07-12 12:50:07,44,47,23995,47476
2023-07-12 12:50:09,43,47,23995,47476
2023-07-12 12:50:22,43,46,23995,47476
2023-07-12 12:50:27,43,45,23995,47476
2023-07-12 12:50:30,43,46,23995,47476
2023-07-12 12:50:38,41,46,23952,48119
2023-07-12 12:50:38,41,44,23952,48119
2023-07-12 12:50:38,42,44,23952,48119
2023-07-12 12:50:39,42,44,23952,48369
2023-07-12 12:50:41,42,46,23952,48519
2023-07-12 12:50:41,42,45,23952,48519
2023-07-12 12:52:07,43,45,23952,48519
2023-07-12 12:52:24,43,46,23952,48522
2023-07-12 12:52:25,43,47,23952,48525
2023-07-12 12:52:26,44,47,23952,48525
2023-07-12 12:52:57,44,48,23952,48548
2023-07-12 12:53:06,44,47,23952,48548
2023-07-12 12:53:08,44,48,23952,48548
2023-07-12 12:53:26,44,47,23952,48548
2023-07-12 12:54:01,44,45,23952,48548
2023-07-12 12:54:10,43,44,23900,48600
2023-07-12 12:54:17,43,45,23923,48821
2023-07-12 12:55:10,43,46,23946,48844
2023-07-12 12:55:12,43,47,23946,48844
2023-07-12 12:55:27,44,47,23946,48844
2023-07-12 12:55:31,44,46,23946,48844
2023-07-12 12:55:31,44,47,23696,49094
2023-07-12 12:55:56,44,47,23696,49109
2023-07-12 12:55:56,44,46,23696,49109
2023-07-12 12:55:59,43,46,23696,49109
2023-07-12 12:56:01,43,45,23696,49109
2023-07-12 12:56:43,43,44,23696,49109
2023-07-12 12:57:19,42,43,23653,49152
2023-07-12 12:57:22,42,44,23653,49359
2023-07-12 12:57:23,42,43,23653,49359
2023-07-12 12:57:25,42,44,23656,49362
2023-07-12 12:57:28,42,43,23656,49362
2023-07-12 12:57:40,42,44,23656,49362
2023-07-12 12:57:40,42,44,23641,49377
2023-07-12 12:57:55,40,44,23641,49377
2023-07-12 12:58:00,40,42,23641,49377
2023-07-12 12:58:04,40,41,23641,49377
2023-07-12 12:58:11,40,42,23641,49377
2023-07-12 12:58:15,40,41,23641,49377
2023-07-12 12:58:19,39,40,23624,49394
2023-07-12 12:58:20,38,40,23624,49394
2023-07-12 12:58:21,38,41,23624,49394
2023-07-12 12:58:23,38,40,23624,49394
2023-07-12 12:58:29,38,39,23624,49394
2023-07-12 12:58:42,37,38,23578,49440
2023-07-12 12:58:43,37,39,23578,49644
2023-07-12 12:58:47,36,39,23578,49644
2023-07-12 12:58:48,36,38,23578,49644
2023-07-12 12:58:50,36,39,23578,49644
2023-07-12 12:58:51,36,38,23578,49644
2023-07-12 12:58:53,36,39,23578,49644
2023-07-12 12:58:54,36,38,23578,49644
2023-07-12 12:58:55,36,39,23578,49644
2023-07-12 12:58:56,36,38,23578,49644
2023-07-12 12:59:04,36,38,23583,49649
2023-07-12 12:59:17,37,38,23583,49649
2023-07-12 12:59:19,37,39,23586,49652
2023-07-12 12:59:29,38,39,23586,49652
2023-07-12 12:59:33,38,40,23589,49655
2023-07-12 12:59:37,37,40,23589,49655
2023-07-12 12:59:37,38,40,23589,49655
2023-07-12 12:59:39,38,39,23589,49655
2023-07-12 12:59:40,38,40,23589,49655
2023-07-12 12:59:41,38,39,23589,49655
2023-07-12 13:00:09,38,40,23592,49658
2023-07-12 13:00:15,39,40,23592,49658
2023-07-12 13:00:20,39,41,23595,49661
2023-07-12 13:00:27,39,40,23595,49661
2023-07-12 13:00:49,39,41,23598,49664
2023-07-12 13:01:13,37,41,23598,49664
2023-07-12 13:01:13,36,41,23598,49664
2023-07-12 13:01:37,41,42,23601,49667
2023-07-12 13:01:38,36,42,23601,49667
2023-07-12 13:01:57,36,41,23601,49667
2023-07-12 13:01:59,36,40,23601,49667
2023-07-12 13:02:04,38,40,23601,49667
2023-07-12 13:02:11,38,41,23601,49667
2023-07-12 13:02:11,36,41,23601,49667
2023-07-12 13:02:13,38,41,23601,49667
2023-07-12 13:02:13,38,40,23601,49667
2023-07-12 13:02:25,39,40,23601,49667
2023-07-12 13:02:27,38,40,23601,49667
2023-07-12 13:02:31,38,42,23604,49670
2023-07-12 13:02:33,36,42,23604,49670
2023-07-12 13:02:43,38,42,23604,49670
2023-07-12 13:02:47,39,42,23604,49670
2023-07-12 13:02:49,39,44,23607,49673
2023-07-12 13:02:49,42,44,23607,49673
2023-07-12 13:03:29,42,43,23607,49673
2023-07-12 13:03:31,42,44,23607,49673
2023-07-12 13:03:37,42,43,23607,49673
2023-07-12 13:03:43,42,44,23607,49673
2023-07-12 13:03:44,42,43,23607,49673
2023-07-12 13:03:45,42,44,23607,49673
2023-07-12 13:03:53,42,43,23607,49673
2023-07-12 13:04:03,42,44,23607,49673
2023-07-12 13:04:03,38,42,23607,49676
2023-07-12 13:04:13,35,42,23607,49676
2023-07-12 13:04:13,36,42,23607,49676
2023-07-12 13:04:29,36,37,23607,49676
2023-07-12 13:04:29,36,42,23337,49946
2023-07-12 13:04:30,36,41,23337,49946
2023-07-12 13:04:32,36,42,23337,49946
2023-07-12 13:04:42,36,40,23337,49946
2023-07-12 13:04:45,36,40,23337,50196
2023-07-12 13:04:57,36,42,23340,50219
2023-07-12 13:05:00,37,42,23340,50219
2023-07-12 13:05:01,37,38,23340,50219
2023-07-12 13:05:02,37,42,23335,50224
2023-07-12 13:05:05,37,41,23335,50224
2023-07-12 13:05:06,37,40,23335,50224
2023-07-12 13:05:09,36,40,23335,50224
2023-07-12 13:05:29,36,42,23338,50227
2023-07-12 13:05:48,36,41,23338,50227
2023-07-12 13:06:12,36,39,23338,50227
2023-07-12 13:06:19,36,38,23338,50227
2023-07-12 13:06:27,34,35,23198,50367
2023-07-12 13:06:28,34,38,23198,50507
2023-07-12 13:06:28,34,37,23198,50507
2023-07-12 13:06:30,34,38,23198,50507
2023-07-12 13:06:51,34,35,23198,50507
2023-07-12 13:06:53,34,38,23198,50752
2023-07-12 13:07:04,34,35,23198,50752
2023-07-12 13:07:07,34,38,23198,51002
2023-07-12 13:07:24,33,34,23153,51047
2023-07-12 13:07:27,33,38,23153,51252
2023-07-12 13:07:52,34,38,23153,51252
2023-07-12 13:07:58,34,37,23153,51252
2023-07-12 13:07:58,34,38,23176,51275
2023-07-12 13:07:59,34,36,23176,51275
2023-07-12 13:08:00,34,38,23176,51280
2023-07-12 13:08:34,35,38,23176,51280
2023-07-12 13:08:42,36,38,23176,51280
2023-07-12 13:08:43,36,39,23222,51326
2023-07-12 13:09:11,35,39,23222,51326
2023-07-12 13:10:23,35,38,23222,51326
2023-07-12 13:10:51,34,38,23156,51392
2023-07-12 13:11:40,36,38,23156,51392
2023-07-12 13:11:50,36,39,23156,51415
2023-07-12 13:12:47,37,39,23156,51415
2023-07-12 13:12:48,37,41,23179,51438
2023-07-12 13:12:49,36,41,23179,51438
2023-07-12 13:12:50,37,41,23179,51438
2023-07-12 13:14:45,38,41,23179,51438
2023-07-12 13:15:06,39,41,23179,51438
2023-07-12 13:15:16,40,41,23179,51438
2023-07-12 13:15:17,40,42,23179,51461
2023-07-12 13:15:18,39,42,23179,51461
2023-07-12 13:15:18,40,42,23179,51461
2023-07-12 13:15:37,40,44,23179,51484
2023-07-12 13:15:39,41,44,23179,51484
2023-07-12 13:15:43,42,44,23179,51484
2023-07-12 13:15:49,43,44,23179,51484
2023-07-12 13:15:50,43,45,23179,51507
2023-07-12 13:15:51,43,47,23179,51530
2023-07-12 13:15:58,44,47,23179,51530
2023-07-12 13:16:04,43,47,23179,51530
2023-07-12 13:16:07,43,46,23179,51530
2023-07-12 13:16:32,42,46,23179,51530
2023-07-12 13:16:34,43,46,23179,51530
2023-07-12 13:16:43,44,46,23179,51530
2023-07-12 13:16:44,44,47,23179,51553
2023-07-12 13:16:50,44,48,23179,51576
2023-07-12 13:16:57,44,49,23179,51576
2023-07-12 13:16:57,44,47,23179,51576
2023-07-12 13:17:28,45,47,23179,51576
2023-07-12 13:17:43,45,48,23179,51579
2023-07-12 13:18:02,45,47,23179,51579
2023-07-12 13:18:25,44,47,23179,51602
2023-07-12 13:18:25,44,46,23179,51602
2023-07-12 13:18:32,44,47,23179,51602
2023-07-12 13:19:18,45,47,23179,51602
2023-07-12 13:19:32,45,48,23179,51605
2023-07-12 13:19:53,46,48,23179,51605
2023-07-12 13:20:25,46,49,23179,51628
2023-07-12 13:20:47,45,49,23179,51628
2023-07-12 13:20:52,45,48,23179,51628
2023-07-12 13:21:30,46,48,23179,51628
2023-07-12 13:21:52,46,49,23179,51631
2023-07-12 13:22:59,47,49,23179,51631
2023-07-12 13:23:00,46,49,23179,51631
2023-07-12 13:23:07,46,48,23179,51631
2023-07-12 13:24:05,46,49,23179,51634
2023-07-12 13:24:10,47,49,23179,51634
2023-07-12 13:24:11,47,50,23179,51657
2023-07-12 13:24:17,46,50,23179,51657
2023-07-12 13:24:27,46,49,23179,51657
2023-07-12 13:24:49,46,48,23179,51657
2023-07-12 13:25:21,45,48,23179,51657
2023-07-12 13:25:38,44,48,23106,51730
2023-07-12 13:26:01,45,48,23106,51730
2023-07-12 13:26:41,46,48,23106,51730
2023-07-12 13:26:56,46,49,23106,51733
2023-07-12 13:26:58,47,49,23106,51733
2023-07-12 13:26:59,47,50,23106,51756
2023-07-12 13:27:06,48,50,23106,51756
2023-07-12 13:27:24,47,50,23106,51756
2023-07-12 13:28:25,47,51,23106,51779
2023-07-12 13:28:34,48,51,23106,51779
2023-07-12 13:29:16,48,50,23106,51779
2023-07-12 13:29:20,48,51,23106,51779
2023-07-12 13:29:59,48,50,23106,51779
2023-07-12 13:30:04,48,49,23106,51779
2023-07-12 13:30:13,48,50,23106,51779
2023-07-12 13:30:29,49,50,23106,51779
2023-07-12 13:30:29,49,51,23106,51782
2023-07-12 13:30:30,49,52,23106,51805
2023-07-12 13:30:31,49,53,23106,51805
2023-07-12 13:30:37,49,52,23106,51805
2023-07-12 13:30:47,50,52,23106,51805
2023-07-12 13:30:47,50,53,23106,51805
2023-07-12 13:30:47,50,54,23106,51805
2023-07-12 13:30:47,50,51,23106,51805
2023-07-12 13:30:47,50,54,23106,51805
2023-07-12 13:30:47,50,52,23106,51805
2023-07-12 13:30:47,50,54,23106,51805
2023-07-12 13:30:47,50,53,23106,51805
2023-07-12 13:30:48,50,54,23106,52005
2023-07-12 13:31:09,51,54,23106,52005
2023-07-12 13:31:14,50,54,23106,52005
2023-07-12 13:31:20,50,53,23106,52005
2023-07-12 13:31:22,50,52,23106,52005
2023-07-12 13:31:23,49,52,23106,52005
2023-07-12 13:32:06,49,52,23129,52128
2023-07-12 13:32:40,49,53,23129,52131
2023-07-12 13:32:41,50,53,23129,52131
2023-07-12 13:33:50,51,53,23129,52131
2023-07-12 13:33:50,51,54,23129,52177
2023-07-12 13:34:29,52,54,23129,52177
2023-07-12 13:34:31,51,54,23129,52177
2023-07-12 13:35:03,53,54,23129,52177
2023-07-12 13:35:04,52,54,23129,52177
2023-07-12 13:35:08,53,54,23129,52177
2023-07-12 13:35:13,52,54,23129,52177
2023-07-12 13:35:33,51,54,23129,52177
2023-07-12 13:35:58,51,53,23129,52177
2023-07-12 13:36:19,50,53,23129,52177
2023-07-12 13:36:40,53,54,23132,52180
2023-07-12 13:38:31,53,54,23152,52200
2023-07-12 13:38:53,53,55,23175,52323
2023-07-12 13:39:13,53,56,22969,52552
2023-07-12 13:39:16,54,56,22969,52552
2023-07-12 13:39:36,53,56,22969,52552
2023-07-12 13:40:04,54,56,22969,52552
2023-07-12 13:40:13,53,56,22969,52552
2023-07-12 13:40:13,54,56,22969,52552
2023-07-12 13:40:35,54,57,22969,52575
2023-07-12 13:40:39,55,57,22969,52575
2023-07-12 13:40:47,55,57,22979,52585
2023-07-12 13:41:03,55,58,22979,52608
2023-07-12 13:41:05,54,58,22979,52608
2023-07-12 13:41:05,55,58,22979,52608
2023-07-12 13:41:08,55,57,22979,52608
2023-07-12 13:41:09,54,57,22979,52608
2023-07-12 13:41:33,55,57,22979,52608
2023-07-12 13:41:41,54,57,22979,52608
2023-07-12 13:41:41,55,57,22979,52608
2023-07-12 13:42:03,56,57,22979,52608
2023-07-12 13:42:09,56,58,22979,52614
2023-07-12 13:42:13,55,58,22979,52614
2023-07-12 13:42:16,55,57,22979,52614
2023-07-12 13:42:23,55,57,23083,52741
2023-07-12 13:42:23,55,58,23083,52741
2023-07-12 13:42:24,55,57,23083,52741
2023-07-12 13:42:29,55,58,23083,52741
2023-07-12 13:42:30,55,57,23083,52741
2023-07-12 13:42:56,54,57,23083,52741
2023-07-12 13:43:55,54,56,23083,52741
2023-07-12 13:43:55,54,57,23083,52749
2023-07-12 13:43:57,54,55,23083,52749
2023-07-12 13:44:40,54,55,23133,52799
2023-07-12 13:45:34,54,55,23183,52849
2023-07-12 13:46:37,53,55,23091,53041
2023-07-12 13:46:49,53,54,23091,53041
2023-07-12 13:47:01,53,54,23098,53055
2023-07-12 13:47:03,51,54,23098,53100
2023-07-12 13:47:03,51,52,23098,53100
2023-07-12 13:47:08,50,52,23298,53300
2023-07-12 13:47:10,51,52,23298,53300
2023-07-12 13:47:12,50,52,23298,53370
2023-07-12 13:47:26,49,52,23298,53370
2023-07-12 13:47:26,49,51,23298,53370
2023-07-12 13:47:57,48,51,23298,53370
2023-07-12 13:47:57,48,50,23298,53370
2023-07-12 13:48:03,49,50,23298,53370
2023-07-12 13:48:05,49,51,23298,53370
2023-07-12 13:48:12,49,52,23298,53393
2023-07-12 13:48:12,49,51,23298,53393
2023-07-12 13:49:05,50,51,23298,53393
2023-07-12 13:49:05,50,52,23327,53422
2023-07-12 13:49:31,51,52,23327,53422
2023-07-12 13:49:32,51,54,23327,53490
2023-07-12 13:49:32,52,54,23327,53490
2023-07-12 13:49:39,51,54,23327,53490
2023-07-12 13:49:39,53,54,23327,53490
2023-07-12 13:49:46,51,54,23327,53490
2023-07-12 13:49:46,52,54,23327,53490
2023-07-12 13:49:48,52,53,23327,53490
2023-07-12 13:49:58,51,53,23327,53490
2023-07-12 13:49:58,52,53,23327,53490
2023-07-12 13:50:17,51,53,23327,53640
2023-07-12 13:50:38,52,53,23327,53640
2023-07-12 13:50:42,52,54,23350,53763
2023-07-12 13:50:45,52,55,23296,53817
2023-07-12 13:50:52,51,55,23296,53817
2023-07-12 13:50:54,52,55,23296,53817
2023-07-12 13:51:01,51,55,23296,53817
2023-07-12 13:51:04,52,55,23296,53817
2023-07-12 13:51:06,51,55,23296,53817
2023-07-12 13:51:21,51,54,23296,53817
2023-07-12 13:51:24,52,54,23296,53817
2023-07-12 13:52:05,51,54,23296,53817
2023-07-12 13:52:10,51,53,23296,53817
2023-07-12 13:52:15,51,54,23296,53817
2023-07-12 13:52:34,52,54,23296,53817
2023-07-12 13:52:40,51,54,23296,53817
2023-07-12 13:52:42,51,53,23296,53817
2023-07-12 13:53:13,51,54,23296,53820
2023-07-12 13:53:13,51,53,23296,53820
2023-07-12 13:53:23,51,54,23296,53823
2023-07-12 13:53:27,52,54,23296,53823
2023-07-12 13:53:36,53,54,23296,53823
2023-07-12 13:53:37,53,55,23296,53846
2023-07-12 13:55:12,54,55,23296,53846
2023-07-12 13:55:17,53,55,23296,53846
2023-07-12 13:56:12,54,55,23296,53846
2023-07-12 13:56:18,53,55,23296,53846
2023-07-12 13:56:18,54,55,23296,53846
2023-07-12 13:56:29,54,55,23496,54046
2023-07-12 13:56:45,53,55,23496,54066
2023-07-12 13:56:47,53,54,23496,54066
2023-07-12 13:56:53,51,54,23496,54086
2023-07-12 13:56:54,51,55,23496,54086
2023-07-12 13:56:54,51,54,23496,54086
2023-07-12 13:56:56,52,54,23496,54086
2023-07-12 13:57:00,52,55,23496,54086
2023-07-12 13:57:13,52,54,23496,54086
2023-07-12 13:57:20,51,54,23496,54106
2023-07-12 13:57:25,51,53,23496,54106
2023-07-12 13:57:30,51,54,23496,54106
2023-07-12 13:57:30,51,53,23496,54106
2023-07-12 13:58:26,51,52,23496,54106
2023-07-12 13:58:31,50,52,23496,54132
2023-07-12 13:58:55,50,53,23519,54155
2023-07-12 13:58:55,50,52,23519,54155
2023-07-12 13:58:55,50,53,23519,54155
2023-07-12 13:58:57,51,53,23519,54155
2023-07-12 13:59:05,51,54,23542,54178
2023-07-12 13:59:05,51,53,23542,54178
2023-07-12 13:59:07,51,54,23554,54190
2023-07-12 14:00:17,51,55,23554,54236
2023-07-12 14:00:17,52,55,23554,54236
2023-07-12 14:00:25,52,54,23554,54236
2023-07-12 14:00:35,52,53,23554,54236
2023-07-12 14:00:41,52,54,23554,54236
2023-07-12 14:00:48,51,54,23554,54236
2023-07-12 14:00:54,51,53,23554,54236
2023-07-12 14:00:59,51,54,23554,54236
2023-07-12 14:01:20,51,53,23554,54236
2023-07-12 14:01:38,50,51,23511,54279
2023-07-12 14:01:39,50,51,23561,54529
2023-07-12 14:01:53,49,51,23561,54589
2023-07-12 14:01:53,49,50,23561,54589
2023-07-12 14:02:00,47,50,23523,54627
2023-07-12 14:02:01,47,49,23523,54627
2023-07-12 14:02:16,46,49,23523,54627
2023-07-12 14:02:16,45,49,23523,54627
2023-07-12 14:02:16,46,49,23523,54627
2023-07-12 14:02:24,45,49,23523,54627
2023-07-12 14:02:24,46,49,23523,54627
2023-07-12 14:02:24,47,49,23523,54627
2023-07-12 14:02:28,48,49,23523,54627
2023-07-12 14:02:30,47,49,23523,54627
2023-07-12 14:02:30,48,49,23523,54627
2023-07-12 14:02:30,48,49,23473,54677
2023-07-12 14:02:30,48,50,23473,54677
2023-07-12 14:02:31,49,50,23473,54677
2023-07-12 14:02:31,48,50,23473,54677
2023-07-12 14:02:39,48,51,23473,54737
2023-07-12 14:02:46,47,51,23473,54737
2023-07-12 14:02:51,48,51,23473,54737
2023-07-12 14:03:12,47,51,23473,54737
2023-07-12 14:03:18,47,50,23473,54737
2023-07-12 14:03:30,47,49,23473,54737
2023-07-12 14:03:36,47,50,23473,54737
2023-07-12 14:03:41,48,50,23473,54737
2023-07-12 14:03:47,49,50,23473,54737
2023-07-12 14:04:01,48,50,23473,54737
2023-07-12 14:04:22,49,50,23473,54737
2023-07-12 14:04:26,49,52,23509,54773
2023-07-12 14:04:30,50,52,23509,54773
2023-07-12 14:05:22,51,52,23509,54773
2023-07-12 14:05:23,51,53,23509,54791
2023-07-12 14:05:53,52,53,23509,54791
2023-07-12 14:05:53,52,54,23509,54809
2023-07-12 14:05:54,52,55,23509,54827
2023-07-12 14:06:30,52,55,23559,54877
2023-07-12 14:06:59,52,54,23559,54877
2023-07-12 14:07:02,52,55,23559,54877
2023-07-12 14:07:15,52,56,23489,55115
2023-07-12 14:07:16,53,56,23489,55115
2023-07-12 14:07:19,53,57,23489,55115
2023-07-12 14:07:20,54,57,23489,55115
2023-07-12 14:07:25,55,57,23489,55115
2023-07-12 14:07:25,55,58,23489,55115
2023-07-12 14:07:27,54,58,23489,55115
2023-07-12 14:07:31,54,57,23489,55115
2023-07-12 14:07:39,54,58,23489,55133
2023-07-12 14:07:46,55,58,23489,55133
2023-07-12 14:07:57,56,58,23489,55133
2023-07-12 14:08:09,56,59,23907,55551
2023-07-12 14:08:11,57,59,23907,55551
2023-07-12 14:08:12,57,60,23907,55551
2023-07-12 14:08:30,58,60,23907,55551
2023-07-12 14:08:31,58,61,23907,55569
2023-07-12 14:08:31,59,61,23907,55569
2023-07-12 14:08:32,59,61,23657,55819
2023-07-12 14:08:38,58,61,23657,55819
2023-07-12 14:08:42,59,61,23657,55819
2023-07-12 14:08:44,58,61,23657,55819
2023-07-12 14:08:45,59,61,23657,55819
2023-07-12 14:08:49,59,62,23657,55837
2023-07-12 14:08:59,58,62,23657,55837
2023-07-12 14:09:02,59,61,23657,55837
2023-07-12 14:09:13,58,61,23489,56005
2023-07-12 14:10:09,58,60,23489,56005
2023-07-12 14:10:20,58,59,23489,56005
2023-07-12 14:10:23,57,59,23489,56023
2023-07-12 14:10:28,57,60,23489,56073
2023-07-12 14:10:31,57,59,23489,56073
2023-07-12 14:10:32,57,60,23489,56091
2023-07-12 14:10:33,58,60,23489,56091
2023-07-12 14:10:37,59,60,23489,56091
2023-07-12 14:11:13,62,63,23528,56130
2023-07-12 14:11:13,62,63,23588,56190
2023-07-12 14:11:13,62,63,23648,56250
2023-07-12 14:11:13,59,62,23689,56291
2023-07-12 14:11:13,59,61,23689,56291
2023-07-12 14:11:14,60,61,23689,56291
2023-07-12 14:11:22,60,62,23749,56351
2023-07-12 14:11:22,60,61,23749,56351
2023-07-12 14:11:22,61,62,23752,56354
2023-07-12 14:11:22,60,62,23752,56354
2023-07-12 14:11:28,60,62,23752,56354
2023-07-12 14:11:39,60,61,23752,56354
2023-07-12 14:11:40,60,62,23749,56357
2023-07-12 14:12:31,60,64,24179,56787
2023-07-12 14:12:32,61,64,24179,56787
2023-07-12 14:12:42,60,64,24179,56787
2023-07-12 14:12:42,62,64,24179,56787
2023-07-12 14:13:02,61,64,24179,56787
2023-07-12 14:13:02,63,64,24179,56787
2023-07-12 14:13:47,62,64,24179,56787
2023-07-12 14:13:47,64,66,24179,56805
2023-07-12 14:13:47,64,65,24179,56805
2023-07-12 14:13:48,62,65,24179,56805
2023-07-12 14:13:48,63,65,24179,56805
2023-07-12 14:13:51,62,65,24179,56805
2023-07-12 14:13:51,64,65,24179,56805
2023-07-12 14:13:58,64,65,24179,56823
2023-07-12 14:13:58,64,65,24379,57023
2023-07-12 14:13:58,65,66,24379,57023
2023-07-12 14:14:00,65,66,24379,57041
2023-07-12 14:14:02,63,66,24379,57041
2023-07-12 14:14:02,64,66,24379,57041
2023-07-12 14:14:08,63,66,24379,57041
2023-07-12 14:14:08,65,66,24379,57041
2023-07-12 14:14:23,64,66,24379,57041
2023-07-12 14:14:23,66,67,24379,57059
2023-07-12 14:14:24,64,67,24379,57059
2023-07-12 14:14:24,65,67,24379,57059
2023-07-12 14:14:54,64,67,24379,57059
2023-07-12 14:14:54,66,67,24379,57059
2023-07-12 14:14:55,66,67,24129,57309
2023-07-12 14:15:11,65,67,24129,57387
2023-07-12 14:16:07,64,67,24129,57387
2023-07-12 14:16:13,65,67,24129,57387
2023-07-12 14:16:20,64,67,24129,57387
2023-07-12 14:16:32,65,67,24129,57387
2023-07-12 14:16:37,64,67,24129,57387
2023-07-12 14:16:53,65,67,24129,57387
2023-07-12 14:17:15,66,67,24129,57387
2023-07-12 14:17:26,65,67,24129,57387
2023-07-12 14:18:30,64,67,24129,57387
2023-07-12 14:19:04,64,66,24129,57387
2023-07-12 14:19:25,64,67,24129,57387
2023-07-12 14:19:25,64,66,24129,57387
2023-07-12 14:20:05,63,64,24111,57405
2023-07-12 14:20:07,62,63,24075,57441
2023-07-12 14:20:08,62,64,24075,57441
2023-07-12 14:20:10,62,63,24075,57441
2023-07-12 14:20:25,62,64,24075,57459
2023-07-12 14:20:29,62,66,24075,57462
2023-07-12 14:20:29,62,65,24075,57462
2023-07-12 14:20:30,63,65,24075,57462
2023-07-12 14:20:32,63,66,24075,57462
2023-07-12 14:20:33,63,65,24075,57462
2023-07-12 14:20:43,63,66,24075,57462
2023-07-12 14:20:43,63,67,24075,57465
2023-07-12 14:20:53,63,66,24075,57465
2023-07-12 14:20:59,63,67,24075,57465
2023-07-12 14:21:00,64,67,24075,57465
2023-07-12 14:21:07,63,67,24075,57465
2023-07-12 14:21:16,63,66,24075,57465
2023-07-12 14:21:18,63,65,24075,57465
2023-07-12 14:21:28,63,66,24075,57465
2023-07-12 14:21:28,63,65,24075,57465
2023-07-12 14:21:38,63,66,24075,57468
2023-07-12 14:21:38,63,65,24075,57468
2023-07-12 14:21:42,64,65,24075,57468
2023-07-12 14:21:43,64,67,24075,57468
2023-07-12 14:22:17,64,67,24325,57718
2023-07-12 14:22:17,65,67,24325,57718
2023-07-12 14:22:18,64,67,24325,57718
2023-07-12 14:22:30,65,67,24325,57718
2023-07-12 14:22:34,65,68,24325,57718
2023-07-12 14:22:34,65,67,24325,57718
2023-07-12 14:22:37,64,67,24325,57718
2023-07-12 14:22:37,65,67,24325,57718
2023-07-12 14:22:37,65,68,24325,57718
2023-07-12 14:22:37,65,67,24325,57718
2023-07-12 14:22:37,66,67,24325,57718
2023-07-12 14:22:50,65,67,24325,57718
2023-07-12 14:23:04,64,67,24325,57718
2023-07-12 14:23:05,65,67,24325,57718
2023-07-12 14:23:44,65,66,24325,57718
2023-07-12 14:23:44,64,65,24325,57736
2023-07-12 14:23:44,64,66,24325,57736
2023-07-12 14:23:45,64,65,24325,57736
2023-07-12 14:23:58,63,65,24325,57757
2023-07-12 14:23:58,63,65,24325,57778
2023-07-12 14:23:58,63,64,24325,57778
2023-07-12 14:23:59,63,65,24325,57778
2023-07-12 14:23:59,63,64,24325,57778
2023-07-12 14:24:22,64,65,24295,57826
2023-07-12 14:24:36,65,67,24295,57844
2023-07-12 14:24:36,65,66,24295,57844
2023-07-12 14:24:37,65,67,24295,57844
2023-07-12 14:24:37,65,66,24295,57844
2023-07-12 14:24:37,65,67,24295,57844
2023-07-12 14:24:48,65,67,24295,57844
2023-07-12 14:24:48,65,66,24295,57844
2023-07-12 14:24:56,64,66,24295,57844
2023-07-12 14:24:59,65,66,24295,57844
2023-07-12 14:25:15,66,67,24295,57923
2023-07-12 14:26:02,65,67,24295,57923
2023-07-12 14:26:18,66,67,24295,57923
2023-07-12 14:26:48,67,69,24295,57941
2023-07-12 14:27:00,66,69,24295,57941
2023-07-12 14:27:00,67,69,24295,57941
2023-07-12 14:27:00,68,69,24295,57941
2023-07-12 14:27:09,67,69,24295,57941
2023-07-12 14:27:09,66,69,24295,57941
2023-07-12 14:27:09,67,69,24295,57941
2023-07-12 14:28:02,66,69,24295,57941
2023-07-12 14:28:03,66,67,24295,57941
2023-07-12 14:28:13,65,67,24295,57941
2023-07-12 14:28:13,66,67,24295,57941
2023-07-12 14:28:13,66,67,24244,57992
2023-07-12 14:28:14,66,68,24244,57992
2023-07-12 14:28:14,66,69,24244,57992
2023-07-12 14:28:48,67,69,24244,57992
2023-07-12 14:29:02,68,69,24244,57992
2023-07-12 14:29:07,67,69,24244,57992
2023-07-12 14:29:22,68,69,24244,57992
2023-07-12 14:29:33,67,69,24244,57992
2023-07-12 14:30:03,66,69,24244,57992
2023-07-12 14:30:20,65,69,24244,57992
2023-07-12 14:30:34,65,68,24244,57992
2023-07-12 14:30:37,64,68,24244,57992
2023-07-12 14:31:03,64,67,24244,57992
2023-07-12 14:31:09,64,68,24244,57992
2023-07-12 14:31:09,65,68,24244,57992
2023-07-12 14:31:09,65,67,24244,57992
2023-07-12 14:31:40,66,67,24244,57992
2023-07-12 14:32:10,65,67,24244,57992
2023-07-12 14:33:33,64,65,24226,58010
2023-07-12 14:33:34,64,67,24226,58092
2023-07-12 14:33:34,65,67,24226,58092
2023-07-12 14:33:53,66,67,24226,58092
2023-07-12 14:33:54,66,68,24229,58095
2023-07-12 14:34:04,66,69,24247,58113
2023-07-12 14:34:04,66,68,24247,58113
2023-07-12 14:34:04,66,69,24247,58113
2023-07-12 14:34:04,65,69,24247,58113
2023-07-12 14:34:04,66,69,24247,58113
2023-07-12 14:34:36,66,69,24262,58128
2023-07-12 14:34:37,66,69,24512,58378
2023-07-12 14:34:37,66,68,24512,58378
2023-07-12 14:34:39,66,68,24621,58505
2023-07-12 14:34:39,66,69,24621,58505
2023-07-12 14:34:39,66,68,24621,58505
2023-07-12 14:34:44,65,68,24621,58505
2023-07-12 14:34:45,65,67,24621,58505
2023-07-12 14:34:46,66,67,24621,58505
2023-07-12 14:34:51,66,69,24621,58505
2023-07-12 14:34:51,66,68,24621,58505
2023-07-12 14:35:17,66,68,24621,58510
2023-07-12 14:35:33,66,69,24624,58617
2023-07-12 14:35:33,66,68,24624,58617
2023-07-12 14:35:33,66,68,24626,58619
2023-07-12 14:35:33,66,69,24626,58619
2023-07-12 14:35:33,67,69,24626,58619
2023-07-12 14:36:05,68,69,24626,58619
2023-07-12 14:36:14,68,70,24629,58625
2023-07-12 14:36:15,67,70,24629,58625
2023-07-12 14:36:15,68,70,24629,58625
2023-07-12 14:36:19,67,70,24629,58625
2023-07-12 14:36:19,68,70,24629,58625
2023-07-12 14:37:01,68,70,24633,58629
2023-07-12 14:37:05,68,70,24637,58633
2023-07-12 14:37:06,67,70,24637,58633
2023-07-12 14:37:06,68,70,24637,58633
2023-07-12 14:37:14,68,70,24641,58637
2023-07-12 14:37:23,67,70,24641,58637
2023-07-12 14:37:23,68,70,24641,58637
2023-07-12 14:37:46,67,70,24641,58637
2023-07-12 14:37:46,68,70,24641,58637
2023-07-12 14:37:58,69,70,24641,58637
2023-07-12 14:38:06,67,70,24641,58637
2023-07-12 14:38:06,68,70,24641,58637
2023-07-12 14:38:12,69,70,24641,58637
2023-07-12 14:38:22,69,70,24644,58887
2023-07-12 14:38:25,69,71,24659,58902
2023-07-12 14:38:31,68,71,24659,58902
2023-07-12 14:38:31,67,71,24659,58902
2023-07-12 14:38:31,68,71,24659,58902
2023-07-12 14:38:35,68,70,24659,58902
2023-07-12 14:38:42,68,70,24659,59045
2023-07-12 14:40:01,68,69,24659,59045
2023-07-12 14:40:09,68,69,24759,59145
2023-07-12 14:40:24,66,67,24705,59199
2023-07-12 14:40:32,65,66,24672,59232
2023-07-12 14:40:32,64,66,24672,59232
2023-07-12 14:40:32,65,66,24672,59232
2023-07-12 14:40:34,63,64,24666,59388
2023-07-12 14:40:35,63,65,24666,59388
2023-07-12 14:40:35,63,64,24666,59388
2023-07-12 14:40:36,62,64,24666,59388
2023-07-12 14:40:36,61,64,24666,59388
2023-07-12 14:40:39,61,63,24666,59388
2023-07-12 14:40:41,60,63,24666,59388
2023-07-12 14:40:42,60,62,24666,59388
2023-07-12 14:40:43,59,62,24666,59388
2023-07-12 14:40:49,59,61,24666,59388
2023-07-12 14:40:49,58,61,24666,59388
2023-07-12 14:40:53,59,61,24666,59388
2023-07-12 14:40:53,59,62,24666,59388
2023-07-12 14:40:59,60,62,24666,59388
2023-07-12 14:41:04,59,62,24666,59388
2023-07-12 14:41:23,60,62,24666,59388
2023-07-12 14:41:26,59,62,24666,59388
2023-07-12 14:41:29,59,61,24666,59388
2023-07-12 14:41:39,59,62,24666,59388
2023-07-12 14:41:40,60,62,24666,59388
2023-07-12 14:41:42,61,62,24666,59388
2023-07-12 14:41:43,62,64,24666,59391
2023-07-12 14:41:45,61,64,24569,59488
2023-07-12 14:41:55,62,64,24569,59488
2023-07-12 14:43:58,63,64,24569,59488
2023-07-12 14:43:59,63,65,24569,59491
2023-07-12 14:44:00,64,65,24569,59491
2023-07-12 14:44:01,63,65,24569,59491
2023-07-12 14:44:09,64,65,24569,59491
2023-07-12 14:44:47,63,65,24569,59491
2023-07-12 14:44:59,64,65,24569,59491
2023-07-12 14:45:02,63,65,24569,59491
2023-07-12 14:45:04,62,65,24569,59491
2023-07-12 14:45:52,62,64,24569,59491
2023-07-12 14:46:01,62,63,24569,59491
2023-07-12 14:46:06,61,62,24545,59515
2023-07-12 14:46:13,59,62,24545,59563
2023-07-12 14:46:13,59,60,24611,59629
2023-07-12 14:46:13,59,60,24677,59695
2023-07-12 14:46:15,59,60,24927,59945
2023-07-12 14:46:17,58,60,24927,59978
2023-07-12 14:46:28,59,60,24927,59978
2023-07-12 14:46:30,59,60,24999,60050
2023-07-12 14:46:32,58,60,24999,60050
2023-07-12 14:47:12,58,59,24999,60050
2023-07-12 14:47:15,58,60,24999,60050
2023-07-12 14:47:19,58,59,24999,60050
2023-07-12 14:47:24,58,60,24999,60050
2023-07-12 14:47:24,57,58,24981,60068
2023-07-12 14:47:30,57,59,24981,60068
2023-07-12 14:47:30,57,58,24981,60068
2023-07-12 14:47:30,54,57,24966,60083
2023-07-12 14:47:31,54,58,24966,60083
2023-07-12 14:47:31,53,57,24966,60083
2023-07-12 14:47:31,53,56,24966,60083
2023-07-12 14:47:31,55,56,24966,60083
2023-07-12 14:47:39,55,57,24966,60083
2023-07-12 14:47:39,55,58,24966,60083
2023-07-12 14:47:39,55,57,24966,60083
2023-07-12 14:47:41,55,58,24966,60083
2023-07-12 14:47:54,56,58,24966,60083
2023-07-12 14:48:05,55,58,24966,60083
2023-07-12 14:48:14,55,57,24966,60083
2023-07-12 14:48:16,55,58,24966,60083
2023-07-12 14:48:20,56,58,24966,60083
2023-07-12 14:48:25,55,58,24966,60083
2023-07-12 14:48:33,55,57,24966,60083
2023-07-12 14:48:39,55,58,24966,60083
2023-07-12 14:48:39,55,56,24966,60083
2023-07-12 14:48:42,55,57,24966,60083
2023-07-12 14:48:42,55,56,24966,60083
2023-07-12 14:48:43,51,54,24951,60098
2023-07-12 14:48:45,51,54,24951,60348
2023-07-12 14:48:45,51,56,24951,60348
2023-07-12 14:48:45,51,55,24951,60348
2023-07-12 14:48:48,52,55,24951,60348
2023-07-12 14:49:00,52,56,24951,60348
2023-07-12 14:49:00,52,55,24951,60348
2023-07-12 14:49:00,52,54,24951,60348
2023-07-12 14:49:01,52,55,24951,60348
2023-07-12 14:49:01,52,54,24951,60348
2023-07-12 14:49:01,52,53,24951,60348
2023-07-12 14:49:03,52,54,24951,60348
2023-07-12 14:49:03,52,53,24951,60348
2023-07-12 14:49:04,49,52,24951,60352
2023-07-12 14:49:04,48,52,24951,60352
2023-07-12 14:49:04,48,51,24951,60352
2023-07-12 14:49:07,49,51,24951,60352
2023-07-12 14:49:07,49,52,24951,60352
2023-07-12 14:49:07,49,53,24951,60352
2023-07-12 14:49:07,49,52,24951,60352
2023-07-12 14:49:12,48,52,24951,60352
2023-07-12 14:49:12,48,51,24951,60352
2023-07-12 14:49:14,48,53,24951,60352
2023-07-12 14:49:14,48,52,24951,60352
2023-07-12 14:49:15,48,53,24951,60352
2023-07-12 14:49:15,48,51,24951,60352
2023-07-12 14:49:17,49,51,24951,60352
2023-07-12 14:49:17,49,53,24951,60352
2023-07-12 14:49:17,49,52,24951,60352
2023-07-12 14:49:22,50,52,24951,60352
2023-07-12 14:49:22,50,54,24951,60352
2023-07-12 14:49:22,50,53,24951,60352
2023-07-12 14:49:35,50,55,24951,60352
2023-07-12 14:49:35,50,54,24951,60352
2023-07-12 14:49:36,50,55,24951,60352
2023-07-12 14:49:36,50,53,24951,60352
2023-07-12 14:49:37,51,53,24951,60352
2023-07-12 14:49:37,52,53,24951,60352
2023-07-12 14:49:37,52,55,24951,60352
2023-07-12 14:49:37,52,56,24951,60352
2023-07-12 14:49:38,52,55,24951,60352
2023-07-12 14:49:47,52,57,24951,60352
2023-07-12 14:49:47,52,56,24951,60352
2023-07-12 14:49:48,53,56,24951,60352
2023-07-12 14:50:00,52,56,24951,60352
2023-07-12 14:50:01,53,56,24951,60352
2023-07-12 14:50:07,53,57,24951,60352
2023-07-12 14:50:07,52,57,24951,60352
2023-07-12 14:50:07,52,55,24951,60352
2023-07-12 14:50:09,51,55,24951,60352
2023-07-12 14:50:10,51,54,24951,60352
2023-07-12 14:50:13,50,54,24951,60352
2023-07-12 14:50:14,50,55,24951,60352
2023-07-12 14:50:14,50,53,24951,60352
2023-07-12 14:50:18,49,53,24951,60352
2023-07-12 14:50:24,50,53,24951,60352
2023-07-12 14:50:36,49,53,24951,60352
2023-07-12 14:50:37,49,54,24951,60352
2023-07-12 14:50:37,49,53,24951,60352
2023-07-12 14:50:37,49,52,24951,60352
2023-07-12 14:50:38,48,52,24951,60352
2023-07-12 14:50:39,48,53,24951,60352
2023-07-12 14:50:39,48,51,24951,60352
2023-07-12 14:50:39,50,51,24951,60352
2023-07-12 14:50:40,50,53,24951,60504
2023-07-12 14:50:40,50,52,24951,60504
2023-07-12 14:50:45,50,53,24951,60504
2023-07-12 14:50:47,50,52,24951,60504
2023-07-12 14:50:48,50,53,24951,60504
2023-07-12 14:50:51,50,52,24951,60504
2023-07-12 14:50:56,50,51,24951,60504
2023-07-12 14:51:05,46,50,24891,60564
2023-07-12 14:51:05,45,50,24891,60564
2023-07-12 14:51:05,45,49,24891,60564
2023-07-12 14:51:09,46,49,24891,60564
2023-07-12 14:51:11,47,49,24891,60564
2023-07-12 14:51:13,47,51,24894,60567
2023-07-12 14:51:14,47,50,24894,60567
2023-07-12 14:51:19,46,50,24894,60567
2023-07-12 14:51:21,47,50,24894,60567
2023-07-12 14:51:30,47,50,24894,60717
2023-07-12 14:51:34,48,50,24894,60717
2023-07-12 14:51:42,47,50,24894,60717
2023-07-12 14:51:46,48,50,24894,60717
2023-07-12 14:51:52,49,50,24894,60717
2023-07-12 14:51:56,48,50,24894,60717
2023-07-12 14:51:59,49,50,24894,60717
2023-07-12 14:52:01,49,51,24897,60720
2023-07-12 14:52:06,48,51,24897,60720
2023-07-12 14:52:08,48,50,24897,60720
2023-07-12 14:52:28,49,50,24897,60720
2023-07-12 14:52:28,49,51,24897,60723
2023-07-12 14:52:29,48,51,24897,60723
2023-07-12 14:52:29,49,51,24897,60723
2023-07-12 14:52:30,50,51,24897,60723
2023-07-12 14:52:32,50,53,24915,60741
2023-07-12 14:52:35,51,53,24915,60741
2023-07-12 14:52:36,51,54,24915,60741
2023-07-12 14:52:43,52,54,24915,60741
2023-07-12 14:53:10,53,54,24915,60741
2023-07-12 14:53:15,52,54,24915,60741
2023-07-12 14:53:23,53,54,24915,60741
2023-07-12 14:53:25,52,54,24915,60741
2023-07-12 14:53:38,52,53,24915,60741
2023-07-12 14:53:56,51,53,24900,60756
2023-07-12 14:53:56,51,52,24900,60756
2023-07-12 14:53:57,49,52,24900,60756
2023-07-12 14:54:20,50,52,24900,60756
2023-07-12 14:54:21,49,52,24900,60756
2023-07-12 14:54:21,50,52,24900,60756
2023-07-12 14:54:22,51,52,24900,60756
2023-07-12 14:54:25,52,53,24900,60774
2023-07-12 14:54:55,51,53,24900,60774
2023-07-12 14:54:55,52,53,24900,60774
2023-07-12 14:54:55,53,54,24900,60792
2023-07-12 14:55:03,51,54,24900,60792
2023-07-12 14:55:03,52,54,24900,60792
2023-07-12 14:55:04,51,54,24900,60792
2023-07-12 14:55:04,50,54,24900,60792
2023-07-12 14:55:04,51,54,24900,60792
2023-07-12 14:55:20,52,54,24900,60792
2023-07-12 14:55:22,51,54,24900,60792
2023-07-12 14:55:28,52,54,24900,60792
2023-07-12 14:55:37,53,54,24900,60792
2023-07-12 14:55:38,54,55,24900,60810
2023-07-12 14:55:38,54,55,24900,60831
2023-07-12 14:55:41,54,57,24954,60885
2023-07-12 14:55:41,54,56,24954,60885
2023-07-12 14:55:43,52,56,24954,60885
2023-07-12 14:55:43,53,56,24954,60885
2023-07-12 14:55:51,52,56,24954,60885
2023-07-12 14:55:51,53,56,24954,60885
2023-07-12 14:55:51,54,56,24954,60885
2023-07-12 14:56:07,54,55,24954,60885
2023-07-12 14:56:08,54,56,24954,60885
2023-07-12 14:56:24,55,56,24954,60885
2023-07-12 14:56:25,54,56,24954,60885
2023-07-12 14:56:25,56,57,24954,60924
2023-07-12 14:56:25,56,57,24954,60945
2023-07-12 14:56:28,56,59,24954,60945
2023-07-12 14:56:33,57,59,24954,60945
2023-07-12 14:56:35,56,59,24954,60945
2023-07-12 14:56:40,57,59,24954,60945
2023-07-12 14:56:52,56,59,24954,60996
2023-07-12 14:57:15,56,58,24954,60996
2023-07-12 14:57:25,55,58,24939,61011
2023-07-12 14:57:25,55,58,24939,61026
2023-07-12 14:57:39,56,58,24939,61026
2023-07-12 14:57:46,55,58,24939,61026
2023-07-12 14:57:51,56,58,24939,61026
2023-07-12 14:57:53,55,58,24939,61026
2023-07-12 14:58:03,56,58,24939,61026
2023-07-12 14:58:10,55,58,24939,61026
2023-07-12 14:58:30,56,58,24939,61026
2023-07-12 14:58:36,55,58,24939,61026
2023-07-12 14:58:41,56,58,24939,61026
2023-07-12 14:58:42,57,58,24939,61026
2023-07-12 15:00:19,56,58,24939,61041
2023-07-12 15:00:20,56,57,24939,61041
2023-07-12 15:00:21,56,58,24939,61041
2023-07-12 15:00:29,57,58,24939,61041
2023-07-12 15:00:56,57,59,24957,61059
2023-07-12 15:00:56,58,59,24957,61059
2023-07-12 15:01:32,56,59,24957,61059
2023-07-12 15:01:33,56,58,24957,61059
2023-07-12 15:01:40,56,57,24957,61059
2023-07-12 15:01:52,55,57,24957,61074
2023-07-12 15:01:52,55,56,24957,61074
2023-07-12 15:01:55,51,56,24957,61074
2023-07-12 15:01:57,51,55,24957,61074
2023-07-12 15:02:01,51,54,24957,61074
2023-07-12 15:02:03,51,53,24957,61074
2023-07-12 15:02:06,51,54,24957,61074
2023-07-12 15:02:11,51,53,24957,61074
2023-07-12 15:02:18,51,54,24957,61074
2023-07-12 15:02:26,51,53,24957,61074
2023-07-12 15:02:27,51,54,24957,61074
2023-07-12 15:02:27,51,55,24957,61074
2023-07-12 15:02:36,51,54,24957,61074
2023-07-12 15:02:48,51,55,24957,61074
2023-07-12 15:02:50,51,54,24957,61074
2023-07-12 15:02:55,51,55,24957,61074
2023-07-12 15:02:56,50,55,24957,61074
2023-07-12 15:02:57,50,54,24957,61074
2023-07-12 15:02:59,51,54,24957,61074
2023-07-12 15:03:03,50,54,24957,61074
2023-07-12 15:03:09,51,54,24957,61074
2023-07-12 15:03:16,52,54,24957,61074
2023-07-12 15:03:24,51,54,24957,61074
2023-07-12 15:03:42,52,54,24957,61074
2023-07-12 15:03:44,53,54,24957,61074
2023-07-12 15:03:46,53,55,24957,61077
2023-07-12 15:03:48,54,55,24957,61077
2023-07-12 15:03:49,54,56,24957,61080
2023-07-12 15:03:52,55,56,24957,61080
2023-07-12 15:03:53,55,58,24957,61083
2023-07-12 15:03:53,55,57,24957,61083
2023-07-12 15:03:56,56,57,24957,61083
2023-07-12 15:04:03,56,60,24957,61083
2023-07-12 15:04:03,56,59,24957,61083
2023-07-12 15:04:03,56,57,24957,61083
2023-07-12 15:04:11,56,57,24960,61086
2023-07-12 15:04:13,56,57,25014,61140
2023-07-12 15:04:31,53,57,25014,61158
2023-07-12 15:04:32,54,57,25014,61158
2023-07-12 15:04:39,55,57,25014,61158
2023-07-12 15:04:40,56,57,25014,61158
2023-07-12 15:05:09,54,57,25014,61176
2023-07-12 15:05:09,54,56,25014,61176
2023-07-12 15:05:09,54,57,25014,61176
2023-07-12 15:05:10,54,56,25014,61176
2023-07-12 15:05:14,51,54,24990,61200
2023-07-12 15:05:15,51,56,24990,61200
2023-07-12 15:05:15,51,55,24990,61200
2023-07-12 15:05:16,50,54,24990,61200
2023-07-12 15:05:16,51,54,24990,61200
2023-07-12 15:05:20,51,55,24990,61200
2023-07-12 15:05:20,51,54,24990,61200
2023-07-12 15:05:27,51,53,24990,61200
2023-07-12 15:05:27,51,52,24990,61200
2023-07-12 15:05:29,48,52,24990,61200
2023-07-12 15:05:32,49,52,24990,61200
2023-07-12 15:05:34,48,52,24990,61200
2023-07-12 15:05:35,48,51,24990,61200
2023-07-12 15:05:35,48,50,24990,61200
2023-07-12 15:05:53,48,52,24990,61200
2023-07-12 15:05:53,48,51,24990,61200
2023-07-12 15:05:59,48,52,24990,61200
2023-07-12 15:06:01,49,52,24990,61200
2023-07-12 15:06:13,50,52,24990,61200
2023-07-12 15:06:16,50,53,25008,61218
2023-07-12 15:06:16,50,54,25008,61218
2023-07-12 15:06:18,51,54,25008,61218
2023-07-12 15:06:39,52,54,25008,61218
2023-07-12 15:06:41,53,54,25008,61218
2023-07-12 15:06:45,53,54,25008,61220
2023-07-12 15:06:45,53,57,25024,61236
2023-07-12 15:06:48,53,56,25024,61236
2023-07-12 15:06:52,53,57,25024,61236
2023-07-12 15:06:59,53,56,25024,61236
2023-07-12 15:07:01,53,57,25024,61236
2023-07-12 15:07:01,53,56,25024,61236
2023-07-12 15:07:01,53,55,25024,61236
2023-07-12 15:07:06,53,56,25024,61236
2023-07-12 15:07:06,53,57,25024,61236
2023-07-12 15:07:06,53,56,25024,61236
2023-07-12 15:07:29,53,57,25024,61236
2023-07-12 15:07:30,54,57,25024,61236
2023-07-12 15:07:36,55,57,25024,61236
2023-07-12 15:07:40,55,58,25042,61254
2023-07-12 15:07:48,55,59,25042,61287
2023-07-12 15:07:51,56,59,25042,61287
2023-07-12 15:07:51,56,60,25042,61287
2023-07-12 15:07:52,56,59,25042,61287
2023-07-12 15:07:54,56,60,25042,61287
2023-07-12 15:07:59,56,60,25055,61300
2023-07-12 15:08:01,57,60,25055,61300
2023-07-12 15:08:09,57,61,25090,61335
2023-07-12 15:08:23,57,60,25090,61335
2023-07-12 15:08:25,57,61,25090,61335
2023-07-12 15:08:28,58,61,25090,61335
2023-07-12 15:08:30,58,59,25090,61335
2023-07-12 15:08:54,56,59,25090,61350
2023-07-12 15:08:54,56,57,25090,61350
2023-07-12 15:08:59,55,57,25090,61350
2023-07-12 15:09:33,55,58,25090,61350
2023-07-12 15:09:59,55,57,25090,61350
2023-07-12 15:10:02,55,56,25090,61350
2023-07-12 15:10:04,54,56,25090,61350
2023-07-12 15:10:05,54,57,25090,61350
2023-07-12 15:10:08,54,56,25090,61350
2023-07-12 15:10:27,54,55,25090,61350
2023-07-12 15:10:27,53,55,25090,61350
2023-07-12 15:10:29,53,56,25090,61350
2023-07-12 15:10:34,53,54,25090,61350
2023-07-12 15:10:42,52,54,25090,61386
2023-07-12 15:10:42,52,53,25090,61386
2023-07-12 15:10:45,48,53,25090,61422
2023-07-12 15:10:45,48,52,25090,61422
2023-07-12 15:10:46,49,52,25090,61422
2023-07-12 15:10:49,48,52,25090,61422
2023-07-12 15:10:52,49,52,25090,61422
2023-07-12 15:10:54,49,53,25090,61422
2023-07-12 15:10:58,50,53,25090,61422
2023-07-12 15:10:59,49,53,25090,61422
2023-07-12 15:11:09,49,52,25090,61422
2023-07-12 15:11:26,49,51,25090,61422
2023-07-12 15:11:30,49,52,25090,61422
2023-07-12 15:11:31,50,52,25090,61422
2023-07-12 15:11:31,50,53,25090,61422
2023-07-12 15:11:32,51,53,25090,61422
2023-07-12 15:11:48,52,53,25090,61422
2023-07-12 15:11:51,52,53,25090,61437
2023-07-12 15:11:51,52,54,25093,61440
2023-07-12 15:11:55,51,54,25093,61440
2023-07-12 15:12:00,52,54,25093,61440
2023-07-12 15:12:09,53,54,25093,61440
2023-07-12 15:12:09,53,56,25111,61458
2023-07-12 15:12:14,54,56,25111,61458
2023-07-12 15:12:22,55,56,25111,61458
2023-07-12 15:12:23,55,58,25129,61476
2023-07-12 15:12:23,55,57,25129,61476
2023-07-12 15:12:25,55,58,25129,61476
2023-07-12 15:12:41,55,57,25129,61476
2023-07-12 15:12:52,55,58,25129,61476
2023-07-12 15:13:08,55,57,25129,61476
2023-07-12 15:13:28,55,58,25129,61476
2023-07-12 15:14:27,55,59,25147,61694
2023-07-12 15:14:31,55,58,25147,61694
2023-07-12 15:14:32,55,59,25147,61694
2023-07-12 15:14:38,56,59,25147,61694
2023-07-12 15:14:41,56,60,25147,61694
2023-07-12 15:14:41,56,59,25147,61694
2023-07-12 15:14:43,56,60,25188,61735
2023-07-12 15:14:52,57,60,25188,61735
2023-07-12 15:14:55,56,60,25188,61735
2023-07-12 15:15:05,57,60,25188,61735
2023-07-12 15:15:09,57,61,25188,61935
2023-07-12 15:15:20,58,61,25188,61935
2023-07-12 15:15:20,58,62,25188,61935
2023-07-12 15:15:24,58,63,25188,61935
2023-07-12 15:15:25,59,63,25188,61935
2023-07-12 15:15:29,59,63,25521,62268
2023-07-12 15:15:31,60,63,25521,62268
2023-07-12 15:15:34,60,62,25521,62268
2023-07-12 15:15:54,60,63,25521,62268
2023-07-12 15:15:59,60,64,25521,62268
2023-07-12 15:15:59,60,63,25521,62268
2023-07-12 15:16:00,60,64,25521,62268
2023-07-12 15:16:01,60,63,25521,62268
2023-07-12 15:16:12,60,62,25521,62268
2023-07-12 15:16:12,60,63,25521,62268
2023-07-12 15:16:12,60,66,25521,62268
2023-07-12 15:16:12,60,62,25521,62268
2023-07-12 15:16:23,60,63,25521,62268
2023-07-12 15:16:23,60,62,25521,62268
2023-07-12 15:16:29,60,63,25521,62268
2023-07-12 15:16:53,61,63,25521,62268
2023-07-12 15:17:02,60,63,25521,62268
2023-07-12 15:17:03,60,62,25521,62268
2023-07-12 15:17:04,60,63,25521,62268
2023-07-12 15:17:04,60,62,25521,62268
2023-07-12 15:17:06,60,61,25521,62268
2023-07-12 15:17:06,59,61,25521,62283
2023-07-12 15:17:06,57,61,25521,62298
2023-07-12 15:17:13,56,61,25488,62331
2023-07-12 15:17:27,55,61,25458,62504
2023-07-12 15:17:29,54,61,25458,62504
2023-07-12 15:17:29,55,61,25458,62504
2023-07-12 15:17:29,56,61,25458,62504
2023-07-12 15:17:33,55,61,25458,62504
2023-07-12 15:17:33,54,61,25458,62504
2023-07-12 15:17:33,55,61,25458,62504
2023-07-12 15:17:48,55,59,25458,62504
2023-07-12 15:17:51,55,58,25458,62504
2023-07-12 15:17:53,53,58,25428,62534
2023-07-12 15:17:54,52,58,25428,62534
2023-07-12 15:17:54,54,58,25428,62534
2023-07-12 15:18:01,53,58,25428,62534
2023-07-12 15:18:01,52,58,25428,62534
2023-07-12 15:18:01,53,58,25428,62534
2023-07-12 15:18:02,52,58,25428,62534
2023-07-12 15:18:02,54,58,25428,62534
2023-07-12 15:18:05,52,58,25428,62534
2023-07-12 15:18:05,53,58,25428,62534
2023-07-12 15:18:11,53,57,25428,62534
2023-07-12 15:18:11,54,57,25428,62534
2023-07-12 15:18:13,53,57,25428,62534
2023-07-12 15:18:13,54,57,25428,62534
2023-07-12 15:18:13,55,57,25428,62534
2023-07-12 15:18:13,55,58,25428,62534
2023-07-12 15:18:20,54,58,25428,62534
2023-07-12 15:18:20,56,58,25428,62534
2023-07-12 15:18:22,55,58,25428,62534
2023-07-12 15:18:22,57,58,25428,62534
2023-07-12 15:18:35,56,58,25428,62534
2023-07-12 15:18:35,58,61,25428,62570
2023-07-12 15:18:35,58,60,25428,62570
2023-07-12 15:18:38,59,60,25428,62570
2023-07-12 15:18:38,59,60,25428,62588
2023-07-12 15:18:38,59,61,25428,62588
2023-07-12 15:18:38,59,60,25428,62606
2023-07-12 15:18:38,59,61,25428,62606
2023-07-12 15:18:38,59,60,25428,62606
2023-07-12 15:18:47,58,60,25428,62606
2023-07-12 15:18:47,60,61,25428,62611
2023-07-12 15:18:47,60,61,25428,62616
2023-07-12 15:18:48,60,61,25178,62866
2023-07-12 15:18:54,59,61,25178,62866
2023-07-12 15:18:54,58,61,25178,62866
2023-07-12 15:18:54,59,61,25178,62866
2023-07-12 15:19:01,58,61,25178,62866
2023-07-12 15:19:03,59,61,25178,62866
2023-07-12 15:19:04,59,61,25178,62869
2023-07-12 15:19:05,57,61,25166,62881
2023-07-12 15:19:07,57,60,25166,62881
2023-07-12 15:19:12,57,59,25166,62881
2023-07-12 15:19:16,57,58,25166,62881
2023-07-12 15:19:20,54,58,25151,62896
2023-07-12 15:19:21,55,58,25151,62896
2023-07-12 15:19:29,54,58,25151,62896
2023-07-12 15:19:29,54,57,25151,62896
2023-07-12 15:19:36,54,58,25151,62896
2023-07-12 15:19:36,54,56,25151,62896
2023-07-12 15:19:38,54,57,25151,62896
2023-07-12 15:19:40,54,58,25151,62896
2023-07-12 15:19:41,54,57,25151,62896
2023-07-12 15:19:41,54,55,25151,62896
2023-07-12 15:19:44,53,55,25151,62917
2023-07-12 15:19:44,53,54,25151,62917
2023-07-12 15:19:48,49,54,25151,62917
2023-07-12 15:19:48,51,54,25151,62917
2023-07-12 15:19:56,51,53,25151,62917
2023-07-12 15:20:02,51,52,25151,62917
2023-07-12 15:20:03,50,52,25151,62932
2023-07-12 15:20:03,50,53,25151,62932
2023-07-12 15:20:04,50,54,25151,62932
2023-07-12 15:20:04,44,50,25136,62947
2023-07-12 15:20:04,43,50,25136,62947
2023-07-12 15:20:04,45,50,25136,62947
2023-07-12 15:20:05,42,50,25136,62947
2023-07-12 15:20:05,42,48,25136,62947
2023-07-12 15:20:05,42,47,25136,62947
2023-07-12 15:20:05,43,47,25136,62947
2023-07-12 15:20:10,42,47,25136,62947
2023-07-12 15:20:10,42,46,25136,62947
2023-07-12 15:20:10,42,46,25136,62947
2023-07-12 15:20:17,41,46,25136,62947
2023-07-12 15:20:17,43,46,25136,62947
2023-07-12 15:20:20,43,45,25136,62947
2023-07-12 15:20:27,43,46,25136,62947
2023-07-12 15:20:29,43,50,25136,62947
2023-07-12 15:20:29,43,47,25136,62947
2023-07-12 15:20:32,43,46,25136,62947
2023-07-12 15:20:33,43,45,25136,62947
2023-07-12 15:20:41,42,43,25131,62952
2023-07-12 15:20:42,37,43,25126,62957
2023-07-12 15:20:42,37,42,25126,62957
2023-07-12 15:20:43,37,40,25126,62957
2023-07-12 15:20:47,37,39,25126,62957
2023-07-12 15:20:49,38,39,25126,62957
2023-07-12 15:20:52,38,40,25126,62957
2023-07-12 15:21:09,39,40,25126,62957
2023-07-12 15:21:10,38,40,25126,62957
2023-07-12 15:21:12,38,42,25133,62964
2023-07-12 15:21:12,38,41,25133,62964
2023-07-12 15:21:12,38,42,25133,62964
2023-07-12 15:21:13,38,41,25133,62964
2023-07-12 15:21:18,38,42,25133,62964
2023-07-12 15:21:26,38,41,25133,62964
2023-07-12 15:21:30,38,40,25133,62964
2023-07-12 15:21:30,36,40,25123,62975
2023-07-12 15:21:33,36,39,25123,62975
2023-07-12 15:21:33,35,39,25123,62975
2023-07-12 15:21:42,36,39,25123,62975
2023-07-12 15:21:44,36,38,25123,62975
2023-07-12 15:21:48,36,39,25123,62975
2023-07-12 15:21:49,36,38,25123,62975
2023-07-12 15:21:59,36,37,25123,62975
2023-07-12 15:22:05,36,38,25123,62975
2023-07-12 15:22:07,36,38,25120,62979
2023-07-12 15:22:08,36,39,25120,62979
2023-07-12 15:22:09,36,38,25120,62979
2023-07-12 15:22:14,36,39,25120,62979
2023-07-12 15:22:14,36,37,25120,62979
2023-07-12 15:22:31,34,35,25113,62987
2023-07-12 15:22:32,31,33,25108,62992
2023-07-12 15:22:33,31,32,25108,62992
2023-07-12 15:22:33,31,32,25108,62999
2023-07-12 15:22:36,31,33,25108,62999
2023-07-12 15:22:36,31,34,25292,63239
2023-07-12 15:22:37,31,39,25292,63239
2023-07-12 15:22:37,31,33,25292,63239
2023-07-12 15:22:41,31,34,25292,63239
2023-07-12 15:22:56,31,33,25292,63239
2023-07-12 15:22:56,31,32,25292,63239
2023-07-12 15:22:59,30,32,25294,63246
2023-07-12 15:22:59,27,30,25297,63249
2023-07-12 15:23:00,27,29,25297,63249
2023-07-12 15:23:01,25,29,25349,63301
2023-07-12 15:23:01,25,27,25349,63301
2023-07-12 15:23:01,25,26,25349,63301
2023-07-12 15:23:01,24,26,25349,63301
2023-07-12 15:23:03,24,27,25349,63301
2023-07-12 15:23:03,24,26,25349,63301
2023-07-12 15:23:03,19,23,25352,63304
2023-07-12 15:23:03,19,23,25352,63357
2023-07-12 15:23:03,19,23,25352,63393
2023-07-12 15:23:03,22,23,25352,63393
2023-07-12 15:23:03,19,23,25352,63393
2023-07-12 15:23:08,19,22,25352,63393
2023-07-12 15:23:11,19,23,25352,63393
2023-07-12 15:23:11,19,21,25352,63393
2023-07-12 15:23:14,19,23,25352,63393
2023-07-12 15:23:14,20,23,25352,63393
2023-07-12 15:23:15,19,23,25352,63393
2023-07-12 15:23:15,19,22,25352,63393
2023-07-12 15:23:16,18,22,25452,63493
2023-07-12 15:23:17,19,22,25452,63493
2023-07-12 15:23:18,18,22,25452,63493
2023-07-12 15:23:19,19,22,25452,63493
2023-07-12 15:23:19,19,23,25452,63493
2023-07-12 15:23:19,19,23,25454,63495
2023-07-12 15:23:20,19,22,25454,63495
2023-07-12 15:23:21,19,23,25454,63495
2023-07-12 15:23:21,18,23,25454,63495
2023-07-12 15:23:21,21,23,25454,63495
2023-07-12 15:23:22,18,23,25454,63495
2023-07-12 15:23:22,20,23,25454,63495
2023-07-12 15:23:26,19,23,25454,63495
2023-07-12 15:23:27,19,22,25454,63495
2023-07-12 15:23:27,18,22,25454,63495
2023-07-12 15:23:27,18,24,25555,63598
2023-07-12 15:23:27,18,23,25555,63598
2023-07-12 15:23:27,18,24,25555,63598
2023-07-12 15:23:27,20,24,25555,63598
2023-07-12 15:23:27,20,23,25555,63598
2023-07-12 15:23:31,19,23,25555,63598
2023-07-12 15:23:31,18,23,25555,63598
2023-07-12 15:23:31,18,24,25555,63598
2023-07-12 15:23:31,20,24,25555,63598
2023-07-12 15:23:32,21,24,25555,63598
2023-07-12 15:23:32,20,24,25555,63598
2023-07-12 15:23:32,22,24,25555,63598
2023-07-12 15:23:33,23,24,25555,63598
2023-07-12 15:23:35,24,27,25555,63604
2023-07-12 15:23:36,23,27,25555,63604
2023-07-12 15:23:36,24,27,25555,63604
2023-07-12 15:23:36,25,27,25555,63604
2023-07-12 15:23:37,25,27,25555,63606
2023-07-12 15:23:44,24,27,25555,63606
2023-07-12 15:23:44,26,27,25555,63606
2023-07-12 15:23:45,25,27,25555,63643
2023-07-12 15:23:46,26,27,25555,63643
2023-07-12 15:23:46,26,30,25555,63704
2023-07-12 15:23:47,28,30,25555,63704
2023-07-12 15:23:48,28,32,25555,63708
2023-07-12 15:23:52,27,32,25555,63708
2023-07-12 15:23:54,27,31,25555,63708
2023-07-12 15:23:58,26,31,25555,63708
2023-07-12 15:23:59,26,30,25555,63708
2023-07-12 15:24:01,26,28,25555,63708
2023-07-12 15:24:04,26,31,25600,63753
2023-07-12 15:24:04,26,30,25600,63753
2023-07-12 15:24:04,26,28,25600,63753
2023-07-12 15:24:05,26,27,25600,63753
2023-07-12 15:24:10,22,27,25600,63763
2023-07-12 15:24:10,21,27,25600,63763
2023-07-12 15:24:10,21,30,25600,63763
2023-07-12 15:24:10,21,26,25600,63763
2023-07-12 15:24:10,21,29,25600,63763
2023-07-12 15:24:10,21,30,25600,63763
2023-07-12 15:24:10,21,28,25600,63763
2023-07-12 15:24:10,21,29,25600,63763
2023-07-12 15:24:10,21,27,25600,63763
2023-07-12 15:24:11,21,24,25600,63763
2023-07-12 15:24:14,21,25,25600,63763
2023-07-12 15:24:14,22,25,25600,63763
2023-07-12 15:24:26,23,25,25600,63763
2023-07-12 15:24:43,22,25,25600,63763
2023-07-12 15:24:47,23,25,25600,63763
2023-07-12 15:24:48,22,25,25600,63763
2023-07-12 15:24:50,23,25,25600,63763
2023-07-12 15:24:53,22,25,25600,63763
2023-07-12 15:24:57,23,25,25600,63763
2023-07-12 15:24:58,22,25,25600,63763
2023-07-12 15:25:01,22,24,25600,63763
2023-07-12 15:25:01,22,23,25600,63763
2023-07-12 15:25:02,19,23,25600,63773
2023-07-12 15:25:02,20,23,25600,63773
2023-07-12 15:25:02,20,25,25600,63773
2023-07-12 15:25:02,20,24,25600,63773
2023-07-12 15:25:02,18,24,25600,63773
2023-07-12 15:25:03,18,25,25600,63773
2023-07-12 15:25:03,18,24,25600,63773
2023-07-12 15:25:03,18,22,25600,63773
2023-07-12 15:25:04,18,21,25600,63773
2023-07-12 15:25:05,17,21,25750,63923
2023-07-12 15:25:05,17,21,25760,63933
2023-07-12 15:25:05,16,17,25850,64023
2023-07-12 15:25:05,16,17,25884,64057
2023-07-12 15:25:05,16,17,25884,64102
2023-07-12 15:25:21,16,19,25884,64107
2023-07-12 15:25:21,16,18,25884,64107
2023-07-12 15:25:34,16,17,25884,64107
2023-07-12 15:25:34,15,17,26000,64258
2023-07-12 15:25:36,15,17,26049,64307
2023-07-12 15:25:38,15,18,26049,64307
2023-07-12 15:25:39,15,17,26049,64307
2023-07-12 15:25:43,15,17,26049,64461
2023-07-12 15:25:55,15,16,26049,64461
2023-07-12 15:25:55,15,16,26249,64661
2023-07-12 15:25:55,15,17,26249,64661
2023-07-12 15:25:59,15,17,26299,64711
2023-07-12 15:26:02,17,18,26301,64713
2023-07-12 15:26:02,15,18,26305,64717
2023-07-12 15:26:02,15,17,26305,64717
2023-07-12 15:26:13,15,18,26305,64726
2023-07-12 15:26:17,15,21,26305,64728
2023-07-12 15:26:17,15,20,26305,64728
2023-07-12 15:26:18,15,21,26305,64728
2023-07-12 15:26:26,16,21,26305,64728
2023-07-12 15:26:26,16,22,26305,64728
2023-07-12 15:26:29,17,22,26305,64728
2023-07-12 15:26:30,17,24,26305,64728
2023-07-12 15:26:30,17,22,26305,64728
2023-07-12 15:26:45,18,22,26305,64728
2023-07-12 15:26:46,19,22,26305,64728
2023-07-12 15:26:49,19,24,26312,64735
2023-07-12 15:26:52,19,28,26357,64780
2023-07-12 15:26:52,19,27,26357,64780
2023-07-12 15:26:52,20,27,26357,64780
2023-07-12 15:26:53,20,24,26357,64780
2023-07-12 15:26:54,19,24,26357,64780
2023-07-12 15:26:54,21,24,26357,64780
2023-07-12 15:26:55,19,24,26357,64780
2023-07-12 15:26:55,20,24,26357,64780
2023-07-12 15:26:56,19,24,26357,64780
2023-07-12 15:26:56,21,24,26357,64780
2023-07-12 15:27:02,20,24,26357,64780
2023-07-12 15:27:02,22,24,26357,64780
2023-07-12 15:27:03,24,28,26357,64787
2023-07-12 15:27:07,23,28,26357,64787
2023-07-12 15:27:07,23,27,26357,64787
2023-07-12 15:27:07,23,27,26357,64787
2023-07-12 15:27:10,23,28,26357,64787
2023-07-12 15:27:11,24,28,26357,64787
2023-07-12 15:27:15,23,28,26357,64787
2023-07-12 15:27:15,25,28,26357,64787
2023-07-12 15:27:16,23,28,26357,64787
2023-07-12 15:27:16,24,28,26357,64787
2023-07-12 15:27:19,25,28,26357,64787
2023-07-12 15:27:22,23,28,26357,64787
2023-07-12 15:27:22,24,28,26357,64787
2023-07-12 15:27:26,24,27,26357,64787
2023-07-12 15:27:28,24,28,26357,64787
2023-07-12 15:27:28,24,27,26357,64787
2023-07-12 15:27:28,25,27,26357,64787
2023-07-12 15:27:42,24,27,26357,64787
2023-07-12 15:27:42,23,27,26357,64787
2023-07-12 15:27:43,24,27,26357,64787
2023-07-12 15:27:44,25,27,26357,64787
2023-07-12 15:27:58,24,27,26357,64787
2023-07-12 15:28:06,23,27,26357,64787
2023-07-12 15:28:06,23,26,26357,64787
2023-07-12 15:28:09,23,27,26357,64787
2023-07-12 15:28:09,24,27,26357,64787
2023-07-12 15:28:34,25,27,26357,64787
2023-07-12 15:28:37,26,27,26357,64787
2023-07-12 15:28:37,26,27,26357,64794
2023-07-12 15:28:45,27,28,26357,64801
2023-07-12 15:28:47,26,28,26357,64801
2023-07-12 15:28:49,25,28,26357,64801
2023-07-12 15:28:57,25,27,26357,64801
2023-07-12 15:28:58,25,28,26357,64801
2023-07-12 15:29:06,26,28,26357,64801
2023-07-12 15:29:09,27,28,26357,64801
2023-07-12 15:29:32,26,28,26357,64801
2023-07-12 15:29:36,27,28,26357,64801
2023-07-12 15:29:38,26,28,26357,64801
2023-07-12 15:29:40,27,28,26357,64801
2023-07-12 15:29:44,28,30,26357,64808
2023-07-12 15:29:45,28,29,26357,64808
2023-07-12 15:29:54,27,29,26357,64808
2023-07-12 15:29:54,26,29,26357,64808
2023-07-12 15:29:54,27,29,26357,64808
2023-07-12 15:30:01,28,29,26357,64808
2023-07-12 15:30:04,27,29,26357,64808
2023-07-12 15:30:06,28,29,26357,64808
2023-07-12 15:30:10,29,30,26357,64822
2023-07-12 15:30:10,28,30,26361,64829
2023-07-12 15:30:10,28,29,26361,64829
2023-07-12 15:30:10,28,30,26361,64829
2023-07-12 15:30:10,28,29,26361,64829
2023-07-12 15:30:10,27,29,26361,64829
2023-07-12 15:30:10,28,29,26361,64829
2023-07-12 15:30:11,27,29,26361,64829
2023-07-12 15:30:24,27,28,26361,64829
2023-07-12 15:30:32,27,29,26361,64829
2023-07-12 15:30:40,28,29,26361,64829
2023-07-12 15:30:50,28,30,26365,64833
2023-07-12 15:30:50,28,29,26365,64833
2023-07-12 15:30:50,28,30,26365,64833
2023-07-12 15:30:50,29,30,26365,64833
2023-07-12 15:30:52,29,30,26368,64836
2023-07-12 15:30:59,29,32,26375,64843
2023-07-12 15:30:59,29,31,26375,64843
2023-07-12 15:30:59,28,31,26375,64843
2023-07-12 15:31:03,28,30,26375,64843
2023-07-12 15:31:05,28,29,26375,64843
2023-07-12 15:31:07,28,30,26375,64843
2023-07-12 15:31:08,28,31,26375,64843
2023-07-12 15:31:08,28,30,26375,64843
2023-07-12 15:31:15,28,29,26375,64843
2023-07-12 15:31:51,28,30,26375,64845
2023-07-12 15:31:52,29,30,26375,64845
2023-07-12 15:31:54,29,31,26375,64847
2023-07-12 15:31:56,30,31,26375,64847
2023-07-12 15:31:57,30,32,26375,64854
2023-07-12 15:31:57,30,31,26375,64854
2023-07-12 15:31:57,28,31,26375,64854
2023-07-12 15:32:02,29,31,26375,64854
2023-07-12 15:32:03,28,31,26375,64854
2023-07-12 15:32:03,29,31,26375,64854
2023-07-12 15:32:03,29,31,26399,64878
2023-07-12 15:32:03,28,31,26399,64878
2023-07-12 15:32:03,29,31,26399,64878
2023-07-12 15:32:04,28,31,26399,64878
2023-07-12 15:32:04,29,31,26399,64878
2023-07-12 15:32:04,29,31,26649,65128
2023-07-12 15:32:04,29,32,26649,65128
2023-07-12 15:32:04,29,31,26649,65128
2023-07-12 15:32:05,28,31,26649,65128
2023-07-12 15:32:05,29,31,26649,65128
2023-07-12 15:32:05,29,31,26694,65173
2023-07-12 15:32:05,28,31,26694,65173
2023-07-12 15:32:05,29,31,26694,65173
2023-07-12 15:32:05,29,32,26694,65173
2023-07-12 15:32:05,29,31,26694,65173
2023-07-12 15:32:05,28,31,26694,65173
2023-07-12 15:32:05,30,31,26694,65173
2023-07-12 15:32:06,29,31,26694,65173
2023-07-12 15:32:09,29,31,26944,65423
2023-07-12 15:32:09,29,32,26944,65423
2023-07-12 15:32:09,28,32,26944,65423
2023-07-12 15:32:09,30,32,26944,65423
2023-07-12 15:32:09,30,31,26944,65423
2023-07-12 15:32:10,29,31,26944,65423
2023-07-12 15:32:10,29,31,26989,65468
2023-07-12 15:32:10,30,31,26989,65468
2023-07-12 15:32:11,30,32,26989,65468
2023-07-12 15:32:11,30,31,26989,65468
2023-07-12 15:32:11,29,31,26989,65468
2023-07-12 15:32:11,29,31,27034,65513
2023-07-12 15:32:11,30,31,27034,65513
2023-07-12 15:32:11,30,32,27034,65513
2023-07-12 15:32:11,31,32,27034,65513
2023-07-12 15:32:12,31,32,27035,65514
2023-07-12 15:32:12,29,32,27035,65514
2023-07-12 15:32:16,31,32,27035,65514
2023-07-12 15:32:19,31,36,27035,65521
2023-07-12 15:32:19,31,35,27035,65521
2023-07-12 15:32:20,29,35,27035,65521
2023-07-12 15:32:20,30,35,27035,65521
2023-07-12 15:32:23,31,35,27035,65521
2023-07-12 15:32:23,31,36,27035,65521
2023-07-12 15:32:23,31,37,27035,65521
2023-07-12 15:32:24,31,41,27035,65521
2023-07-12 15:32:24,31,36,27035,65521
2023-07-12 15:32:24,32,36,27035,65521
2023-07-12 15:32:25,32,38,27035,65521
2023-07-12 15:32:25,32,37,27035,65521
2023-07-12 15:32:31,32,36,27035,65521
2023-07-12 15:32:32,32,37,27035,65521
2023-07-12 15:32:35,33,37,27035,65521
2023-07-12 15:32:38,34,37,27035,65521
2023-07-12 15:32:40,34,39,27042,65528
2023-07-12 15:32:43,35,39,27042,65528
2023-07-12 15:32:43,35,40,27042,65528
2023-07-12 15:32:43,35,41,27042,65528
2023-07-12 15:32:43,35,40,27042,65528
2023-07-12 15:32:44,35,39,27042,65528
2023-07-12 15:32:52,36,39,27042,65528
2023-07-12 15:33:06,36,41,27049,65535
2023-07-12 15:33:11,38,41,27049,65535
2023-07-12 15:33:11,38,40,27049,65535
2023-07-12 15:33:12,38,41,27049,65535
2023-07-12 15:33:12,38,39,27049,65535
2023-07-12 15:33:17,38,40,27049,65535
2023-07-12 15:33:17,36,38,27037,65547
2023-07-12 15:33:22,35,38,27037,65547
2023-07-12 15:33:25,35,37,27037,65547
2023-07-12 15:33:26,34,37,27024,65560
2023-07-12 15:33:29,34,38,27024,65560
2023-07-12 15:33:29,34,36,27024,65560
2023-07-12 15:33:34,34,37,27024,65560
2023-07-12 15:33:34,34,36,27024,65560
2023-07-12 15:33:37,34,37,27031,65567
2023-07-12 15:33:38,34,38,27031,65567
2023-07-12 15:33:50,34,37,27031,65567
2023-07-12 15:33:54,34,38,27031,65567
2023-07-12 15:33:55,34,39,27038,65587
2023-07-12 15:33:58,35,39,27038,65587
2023-07-12 15:34:01,35,41,27038,65587
2023-07-12 15:34:01,35,40,27038,65587
2023-07-12 15:34:01,35,38,27038,65587
