datetime,bid,ask,open_interest,volume
2023-07-27 09:30:37,19,45,624,1214
2023-07-27 09:30:42,35,45,624,1214
2023-07-27 09:30:57,32,45,624,1214
2023-07-27 09:30:57,29,45,624,1214
2023-07-27 09:30:57,26,45,624,1214
2023-07-27 09:30:57,19,45,624,1214
2023-07-27 09:31:00,34,45,624,1214
2023-07-27 09:31:00,34,40,624,1214
2023-07-27 09:31:00,36,40,624,1214
2023-07-27 09:31:00,37,40,624,1214
2023-07-27 09:31:02,38,40,624,1214
2023-07-27 09:31:04,37,40,624,1214
2023-07-27 09:31:06,36,40,624,1214
2023-07-27 09:31:06,36,39,624,1214
2023-07-27 09:31:07,36,40,624,1214
2023-07-27 09:31:07,37,40,624,1214
2023-07-27 09:31:08,36,40,624,1214
2023-07-27 09:31:08,36,39,624,1214
2023-07-27 09:31:09,36,40,624,1214
2023-07-27 09:31:09,37,40,624,1214
2023-07-27 09:31:15,38,40,624,1214
2023-07-27 09:31:23,38,41,624,1214
2023-07-27 09:31:29,38,40,624,1214
2023-07-27 09:31:30,38,41,624,1214
2023-07-27 09:31:31,37,41,624,1214
2023-07-27 09:31:31,37,40,624,1214
2023-07-27 09:31:49,37,41,624,1214
2023-07-27 09:31:49,38,41,624,1214
2023-07-27 09:31:52,38,42,1024,1614
2023-07-27 09:31:52,39,42,1024,1614
2023-07-27 09:31:53,40,42,1024,1614
2023-07-27 09:31:54,41,42,1024,1614
2023-07-27 09:31:54,40,42,1024,1714
2023-07-27 09:31:55,40,43,1424,2114
2023-07-27 09:31:56,42,43,1424,2114
2023-07-27 09:31:56,40,43,1424,2314
2023-07-27 09:31:57,41,43,1424,2314
2023-07-27 09:31:58,42,43,1424,2314
2023-07-27 09:32:00,42,44,1424,2314
2023-07-27 09:32:01,42,44,1424,2564
2023-07-27 09:32:02,43,44,1424,2564
2023-07-27 09:32:03,42,44,1424,2564
2023-07-27 09:32:03,41,44,1555,2714
2023-07-27 09:32:10,41,43,1555,2714
2023-07-27 09:32:11,41,44,1555,2714
2023-07-27 09:32:41,42,44,1555,2714
2023-07-27 09:32:59,42,45,1555,2714
2023-07-27 09:33:00,42,45,1555,2914
2023-07-27 09:33:15,43,45,1555,2914
2023-07-27 09:33:16,42,45,1555,2914
2023-07-27 09:33:27,43,45,1555,2914
2023-07-27 09:33:28,42,45,1555,2914
2023-07-27 09:33:32,43,45,1555,2914
2023-07-27 09:33:36,43,45,1955,3314
2023-07-27 09:33:37,44,45,1955,3314
2023-07-27 09:33:38,44,46,1955,3314
2023-07-27 09:33:39,45,46,1955,3314
2023-07-27 09:33:43,45,46,2355,3714
2023-07-27 09:33:43,45,47,2355,3714
2023-07-27 09:33:47,45,46,2355,3714
2023-07-27 09:33:54,45,47,2355,3714
2023-07-27 09:34:05,46,47,2355,3714
2023-07-27 09:34:05,46,47,2755,4114
2023-07-27 09:34:05,46,48,2755,4114
2023-07-27 09:34:11,46,47,2755,4114
2023-07-27 09:34:29,47,48,2755,4214
2023-07-27 09:34:34,46,48,2755,4214
2023-07-27 09:34:44,47,48,2755,4214
2023-07-27 09:34:46,46,48,2755,4214
2023-07-27 09:34:51,46,49,2755,4214
2023-07-27 09:34:51,46,47,2755,4214
2023-07-27 09:34:55,46,48,2755,4214
2023-07-27 09:34:55,46,47,2755,4214
2023-07-27 09:35:01,46,49,2755,4214
2023-07-27 09:35:02,46,48,2755,4214
2023-07-27 09:35:02,46,47,2755,4214
2023-07-27 09:35:09,47,49,2755,4264
2023-07-27 09:35:10,47,48,2755,4264
2023-07-27 09:35:19,47,48,2763,4272
2023-07-27 09:35:22,47,49,2763,4272
2023-07-27 09:35:22,47,48,2763,4272
2023-07-27 09:35:23,46,48,2763,4272
2023-07-27 09:35:23,45,48,2763,4272
2023-07-27 09:35:24,44,48,2363,4672
2023-07-27 09:35:25,44,46,2363,4672
2023-07-27 09:35:27,45,46,2363,4672
2023-07-27 09:35:28,44,46,2363,4672
2023-07-27 09:35:29,45,46,2363,4672
2023-07-27 09:35:44,45,47,2363,4672
2023-07-27 09:35:46,46,47,2363,4672
2023-07-27 09:35:57,45,47,2363,4672
2023-07-27 09:35:58,45,48,2363,4672
2023-07-27 09:35:59,45,46,2363,4672
2023-07-27 09:36:08,44,46,2363,4672
2023-07-27 09:36:09,44,47,2363,4672
2023-07-27 09:36:09,44,46,2363,4672
2023-07-27 09:36:10,45,46,2363,4672
2023-07-27 09:36:15,45,47,2363,4672
2023-07-27 09:36:15,45,46,2363,4672
2023-07-27 09:36:40,45,48,2363,4672
2023-07-27 09:36:41,45,47,2363,4672
2023-07-27 09:37:07,45,48,2363,4672
2023-07-27 09:37:07,45,46,2363,4672
2023-07-27 09:37:12,45,47,2363,4672
2023-07-27 09:37:12,45,46,2363,4672
2023-07-27 09:37:15,45,47,2363,4672
2023-07-27 09:37:15,45,46,2363,4672
2023-07-27 09:37:19,45,48,2363,4672
2023-07-27 09:37:20,45,47,2363,4672
2023-07-27 09:37:27,45,46,2363,4672
2023-07-27 09:37:46,44,46,2363,4672
2023-07-27 09:37:48,44,47,2363,4672
2023-07-27 09:37:48,44,46,2363,4672
2023-07-27 09:38:16,45,46,2363,4672
2023-07-27 09:38:16,45,47,2363,4672
2023-07-27 09:38:16,45,46,2363,4672
2023-07-27 09:38:26,45,48,2363,4672
2023-07-27 09:38:26,45,47,2363,4672
2023-07-27 09:38:31,45,48,2363,4672
2023-07-27 09:38:31,45,47,2363,4672
2023-07-27 09:38:38,45,48,2363,4672
2023-07-27 09:38:38,45,47,2363,4672
2023-07-27 09:38:42,46,47,2363,4672
2023-07-27 09:38:42,46,48,2363,4672
2023-07-27 09:38:42,46,47,2363,4672
2023-07-27 09:38:45,46,48,2369,4678
2023-07-27 09:38:48,45,48,2369,4678
2023-07-27 09:38:58,46,48,2369,4678
2023-07-27 09:39:18,46,49,2369,4678
2023-07-27 09:39:19,46,48,2369,4678
2023-07-27 09:39:21,47,48,2369,4678
2023-07-27 09:39:22,46,48,2369,4678
2023-07-27 09:39:26,47,48,2369,4678
2023-07-27 09:39:30,47,49,2369,4678
2023-07-27 09:39:40,46,49,2369,4678
2023-07-27 09:39:40,46,48,2369,4678
2023-07-27 09:39:41,47,48,2369,4678
2023-07-27 09:39:43,46,48,2369,4678
2023-07-27 09:39:44,47,48,2369,4678
2023-07-27 09:39:51,47,49,2369,4678
2023-07-27 09:40:00,48,49,2369,4678
2023-07-27 09:40:02,47,49,2369,4678
2023-07-27 09:40:07,48,49,2369,4678
2023-07-27 09:40:24,48,50,2369,4678
2023-07-27 09:41:01,48,49,2369,4678
2023-07-27 09:41:06,48,50,2369,4678
2023-07-27 09:41:36,48,50,2369,5178
2023-07-27 09:41:53,47,50,2369,5178
2023-07-27 09:42:11,48,50,2369,5178
2023-07-27 09:42:53,48,49,2369,5178
2023-07-27 09:42:54,48,50,2419,5228
2023-07-27 09:42:55,46,50,2419,5228
2023-07-27 09:42:55,47,50,2419,5228
2023-07-27 09:42:56,47,49,2419,5228
2023-07-27 09:43:03,47,48,2419,5228
2023-07-27 09:43:06,45,48,2419,5228
2023-07-27 09:43:06,46,48,2419,5228
2023-07-27 09:43:09,47,48,2419,5228
2023-07-27 09:43:10,47,50,2419,5228
2023-07-27 09:43:10,47,49,2419,5228
2023-07-27 09:43:25,47,48,2419,5228
2023-07-27 09:43:28,47,50,2419,5228
2023-07-27 09:43:28,47,49,2419,5228
2023-07-27 09:43:38,48,49,2419,5228
2023-07-27 09:43:38,48,50,2419,5228
2023-07-27 09:43:38,48,49,2419,5228
2023-07-27 09:43:52,48,50,2469,5278
2023-07-27 09:44:31,49,50,2469,5278
2023-07-27 09:44:43,47,50,2469,5278
2023-07-27 09:44:43,48,50,2469,5278
2023-07-27 09:44:53,47,50,2469,5278
2023-07-27 09:44:53,49,50,2469,5278
2023-07-27 09:45:27,49,51,2675,5484
2023-07-27 09:45:30,47,51,2675,5484
2023-07-27 09:45:30,48,51,2675,5484
2023-07-27 09:45:30,48,50,2675,5484
2023-07-27 09:45:41,49,50,2675,5484
2023-07-27 09:45:51,49,51,2675,5484
2023-07-27 09:46:00,50,51,2675,5484
2023-07-27 09:46:07,50,51,2675,5490
2023-07-27 09:46:15,49,51,2675,5490
2023-07-27 09:46:23,50,51,2675,5490
2023-07-27 09:46:37,49,51,2675,5490
2023-07-27 09:46:54,50,51,2675,5490
2023-07-27 09:47:45,48,51,2675,5490
2023-07-27 09:47:46,47,51,2675,5490
2023-07-27 09:47:46,47,50,2675,5490
2023-07-27 09:47:46,49,50,2675,5490
2023-07-27 09:47:46,47,50,2675,5490
2023-07-27 09:47:46,47,49,2675,5490
2023-07-27 09:47:47,47,50,2675,5490
2023-07-27 09:47:47,48,50,2675,5490
2023-07-27 09:47:47,48,50,2675,5590
2023-07-27 09:47:49,48,49,2675,5590
2023-07-27 09:48:01,48,49,2875,5790
2023-07-27 09:48:02,48,49,2873,5792
2023-07-27 09:48:05,48,50,2873,5792
2023-07-27 09:48:11,48,50,2868,5797
2023-07-27 09:48:12,48,49,2868,5797
2023-07-27 09:48:13,48,50,2868,5797
2023-07-27 09:48:13,48,50,2868,5897
2023-07-27 09:48:19,48,49,2868,5897
2023-07-27 09:48:19,46,49,2868,5897
2023-07-27 09:48:19,47,49,2868,5897
2023-07-27 09:48:25,47,48,2868,5897
2023-07-27 09:48:28,47,50,2868,5897
2023-07-27 09:48:28,47,48,2868,5897
2023-07-27 09:48:32,47,49,2868,5897
2023-07-27 09:48:33,47,48,2868,5897
2023-07-27 09:48:45,47,48,2868,5947
2023-07-27 09:48:45,45,48,2868,5947
2023-07-27 09:48:45,46,48,2868,5947
2023-07-27 09:48:46,46,49,2868,5947
2023-07-27 09:48:46,46,48,2868,5947
2023-07-27 09:48:49,46,49,2868,5947
2023-07-27 09:48:54,46,48,2868,5947
2023-07-27 09:48:56,46,47,2868,5947
2023-07-27 09:49:04,46,49,2868,5947
2023-07-27 09:49:05,46,47,2868,5947
2023-07-27 09:49:11,46,48,2868,5947
2023-07-27 09:49:12,46,47,2868,5947
2023-07-27 09:49:28,46,49,2868,5947
2023-07-27 09:49:28,46,47,2868,5947
2023-07-27 09:49:31,46,49,2868,5947
2023-07-27 09:49:31,46,48,2868,5947
2023-07-27 09:49:34,45,48,2868,5947
2023-07-27 09:49:34,47,48,2868,5947
2023-07-27 09:49:37,45,48,2868,5947
2023-07-27 09:49:37,46,48,2868,5947
2023-07-27 09:49:43,45,48,2868,5947
2023-07-27 09:49:43,47,48,2868,5947
2023-07-27 09:49:48,47,49,2868,5947
2023-07-27 09:49:54,46,49,2868,5947
2023-07-27 09:49:54,48,49,2868,5947
2023-07-27 09:50:09,48,50,2868,5947
2023-07-27 09:50:09,48,49,2868,5947
2023-07-27 09:50:17,48,50,2868,5947
2023-07-27 09:50:17,48,49,2868,5947
2023-07-27 09:50:25,46,49,2868,5947
2023-07-27 09:50:25,47,49,2868,5947
2023-07-27 09:50:39,46,49,2868,5947
2023-07-27 09:50:39,48,49,2868,5947
2023-07-27 09:50:47,46,49,2868,5947
2023-07-27 09:50:47,47,49,2868,5947
2023-07-27 09:50:53,47,48,2868,5947
2023-07-27 09:51:07,47,50,2868,5947
2023-07-27 09:51:08,46,50,2868,5947
2023-07-27 09:51:08,48,50,2868,5947
2023-07-27 09:51:08,48,49,2868,5947
2023-07-27 09:51:12,46,49,2868,5947
2023-07-27 09:51:12,47,49,2868,5947
2023-07-27 09:51:12,47,48,2868,5947
2023-07-27 09:51:22,47,50,2868,5947
2023-07-27 09:51:22,46,50,2868,5947
2023-07-27 09:51:22,46,49,2868,5947
2023-07-27 09:51:23,48,49,2868,5947
2023-07-27 09:51:36,48,50,2868,5947
2023-07-27 09:51:36,48,49,2868,5947
2023-07-27 09:51:44,48,50,2868,5947
2023-07-27 09:51:44,48,49,2868,5947
2023-07-27 09:52:16,48,50,2868,5947
2023-07-27 09:52:16,48,49,2868,5947
2023-07-27 09:52:23,48,50,2868,5947
2023-07-27 09:52:23,47,50,2868,5947
2023-07-27 09:52:23,49,50,2868,5947
2023-07-27 09:52:47,47,50,2868,5947
2023-07-27 09:52:47,48,50,2868,5947
2023-07-27 09:52:55,47,50,2868,5947
2023-07-27 09:52:55,49,50,2868,5947
2023-07-27 09:52:57,49,51,2868,5947
2023-07-27 09:53:46,48,51,2868,5947
2023-07-27 09:53:46,50,51,2868,5947
2023-07-27 09:54:59,49,51,2868,5947
2023-07-27 09:54:59,48,51,2868,5947
2023-07-27 09:54:59,49,51,2868,5947
2023-07-27 09:55:00,49,50,2868,5947
2023-07-27 09:55:05,49,51,2868,5947
2023-07-27 09:55:05,49,50,2868,5947
2023-07-27 09:55:08,47,50,2868,5947
2023-07-27 09:55:08,48,50,2868,5947
2023-07-27 09:55:21,49,50,2868,5947
2023-07-27 09:55:25,47,50,2868,5947
2023-07-27 09:55:25,48,50,2868,5947
2023-07-27 09:55:25,48,49,2868,5947
2023-07-27 09:55:28,48,51,2868,5947
2023-07-27 09:55:28,48,50,2868,5947
2023-07-27 09:55:28,49,50,2868,5947
2023-07-27 09:55:33,49,51,2868,5947
2023-07-27 09:55:50,49,50,2868,5947
2023-07-27 09:56:02,49,51,2868,5947
2023-07-27 09:56:03,49,50,2868,5947
2023-07-27 09:56:03,47,50,2968,6047
2023-07-27 09:56:03,47,50,3048,6264
2023-07-27 09:56:03,48,50,3048,6264
2023-07-27 09:56:03,48,50,3148,6364
2023-07-27 09:56:03,48,49,3148,6364
2023-07-27 09:56:12,46,49,3148,6364
2023-07-27 09:56:12,47,49,3148,6364
2023-07-27 09:56:12,47,48,3148,6364
2023-07-27 09:56:27,45,48,3148,6364
2023-07-27 09:56:27,46,48,3148,6364
2023-07-27 09:56:27,46,47,3148,6364
2023-07-27 09:56:47,44,47,3148,6364
2023-07-27 09:56:47,45,47,3148,6364
2023-07-27 09:56:47,45,46,3148,6364
2023-07-27 09:56:51,44,46,3148,6364
2023-07-27 09:56:51,44,45,3148,6364
2023-07-27 09:57:07,44,46,3148,6364
2023-07-27 09:57:07,44,47,3148,6364
2023-07-27 09:57:07,44,46,3148,6364
2023-07-27 09:57:07,45,46,3148,6364
2023-07-27 09:57:14,45,47,3148,6364
2023-07-27 09:57:14,46,47,3148,6364
2023-07-27 09:57:29,44,47,3148,6364
2023-07-27 09:57:29,45,47,3148,6364
2023-07-27 09:57:29,45,46,3148,6364
2023-07-27 09:57:40,46,47,3149,6365
2023-07-27 09:58:29,46,47,3185,6401
2023-07-27 09:58:39,45,47,3185,6401
2023-07-27 09:58:44,46,47,3185,6401
2023-07-27 09:58:47,45,47,3185,6401
2023-07-27 09:58:48,46,47,3185,6401
2023-07-27 09:58:54,45,47,3185,6401
2023-07-27 09:58:56,46,47,3185,6401
2023-07-27 09:58:57,45,47,3185,6401
2023-07-27 09:59:12,46,47,3185,6401
2023-07-27 09:59:13,45,47,3185,6401
2023-07-27 09:59:28,46,47,3185,6401
2023-07-27 09:59:37,46,47,2987,6601
2023-07-27 09:59:38,46,48,2987,6620
2023-07-27 10:00:01,47,48,2987,6620
2023-07-27 10:00:04,46,48,2987,6620
2023-07-27 10:00:06,46,47,2987,6620
2023-07-27 10:00:07,46,48,2987,6620
2023-07-27 10:00:49,46,47,2987,6620
2023-07-27 10:00:52,46,48,2987,6620
2023-07-27 10:00:55,46,47,2987,6620
2023-07-27 10:00:58,45,47,2987,6620
2023-07-27 10:01:26,46,47,2987,6620
2023-07-27 10:01:41,47,48,2987,6621
2023-07-27 10:01:49,46,48,2987,6621
2023-07-27 10:02:54,47,48,2987,6621
2023-07-27 10:03:01,46,48,2987,6621
2023-07-27 10:03:21,46,47,2987,6621
2023-07-27 10:03:26,46,48,2987,6621
2023-07-27 10:03:35,46,47,2987,6621
2023-07-27 10:03:49,45,47,2987,6621
2023-07-27 10:04:14,45,46,2987,6621
2023-07-27 10:04:43,45,47,2987,6621
2023-07-27 10:05:23,44,47,2987,6621
2023-07-27 10:05:50,44,46,2987,6621
2023-07-27 10:06:43,44,45,2987,6621
2023-07-27 10:06:51,44,46,2987,6621
2023-07-27 10:06:52,44,45,2987,6621
2023-07-27 10:06:54,44,46,2987,6621
2023-07-27 10:07:00,44,45,2987,6621
2023-07-27 10:07:02,43,44,2987,6622
2023-07-27 10:07:13,42,44,2987,6622
2023-07-27 10:08:02,42,43,2987,6622
2023-07-27 10:08:12,42,44,2987,6622
2023-07-27 10:08:14,42,43,2987,6622
2023-07-27 10:08:19,41,42,2987,6623
2023-07-27 10:08:21,40,41,2987,6624
2023-07-27 10:09:05,40,41,2987,6874
2023-07-27 10:09:06,40,41,2987,7074
2023-07-27 10:09:06,40,41,2987,7123
2023-07-27 10:09:12,39,41,2988,7125
2023-07-27 10:09:27,39,40,2988,7125
2023-07-27 10:09:28,38,39,2988,7126
2023-07-27 10:09:29,38,40,2988,7126
2023-07-27 10:09:41,38,39,2988,7126
2023-07-27 10:09:44,38,40,2988,7126
2023-07-27 10:09:46,38,41,2988,7126
2023-07-27 10:09:51,38,40,2988,7126
2023-07-27 10:09:54,38,41,2988,7126
2023-07-27 10:10:03,38,40,2988,7126
2023-07-27 10:10:49,39,40,2988,7126
2023-07-27 10:10:50,38,40,2988,7126
2023-07-27 10:11:48,39,40,2988,7126
2023-07-27 10:12:06,39,40,3087,7226
2023-07-27 10:12:08,39,41,3087,7226
2023-07-27 10:12:46,39,40,3087,7226
2023-07-27 10:12:58,38,39,3088,7227
2023-07-27 10:13:00,37,39,3091,7230
2023-07-27 10:13:02,37,38,3091,7230
2023-07-27 10:13:29,37,39,3091,7230
2023-07-27 10:13:29,37,40,3091,7230
2023-07-27 10:13:33,37,39,3091,7230
2023-07-27 10:13:37,37,40,3091,7230
2023-07-27 10:13:39,37,39,3091,7230
2023-07-27 10:14:06,38,39,3091,7230
2023-07-27 10:14:40,37,39,3091,7230
2023-07-27 10:14:59,38,39,3091,7230
2023-07-27 10:15:00,37,39,3091,7230
2023-07-27 10:15:02,38,39,3091,7230
2023-07-27 10:15:51,39,40,3090,7231
2023-07-27 10:16:06,40,41,3089,7232
2023-07-27 10:16:13,41,42,3088,7233
2023-07-27 10:16:14,40,42,3088,7233
2023-07-27 10:16:18,39,42,3088,7233
2023-07-27 10:16:20,39,41,3088,7233
2023-07-27 10:16:25,39,40,3088,7233
2023-07-27 10:17:18,40,41,3088,7235
2023-07-27 10:17:21,41,42,3088,7237
2023-07-27 10:17:26,40,42,3088,7237
2023-07-27 10:17:52,40,41,3088,7237
2023-07-27 10:17:53,40,42,3088,7488
2023-07-27 10:17:54,40,41,3088,7488
2023-07-27 10:17:56,40,42,3088,7488
2023-07-27 10:17:58,40,41,3088,7488
2023-07-27 10:17:59,40,42,3088,7488
2023-07-27 10:18:01,40,41,3088,7488
2023-07-27 10:18:07,39,41,3088,7488
2023-07-27 10:18:16,40,41,3088,7488
2023-07-27 10:18:22,40,42,3088,7488
2023-07-27 10:18:50,41,42,3088,7488
2023-07-27 10:19:06,41,43,3088,7488
2023-07-27 10:20:02,41,42,3088,7488
2023-07-27 10:20:07,40,42,3213,7614
2023-07-27 10:20:07,41,42,3213,7614
2023-07-27 10:20:12,41,43,3213,7614
2023-07-27 10:20:12,41,42,3213,7614
2023-07-27 10:20:13,40,42,3213,7614
2023-07-27 10:20:34,40,41,3213,7614
2023-07-27 10:20:35,40,42,3213,7614
2023-07-27 10:20:47,39,42,3213,7614
2023-07-27 10:20:52,39,41,3213,7614
2023-07-27 10:20:58,39,40,3213,7614
2023-07-27 10:21:04,38,39,3212,7615
2023-07-27 10:21:22,37,39,3212,7615
2023-07-27 10:21:27,37,38,3212,7615
2023-07-27 10:21:51,38,39,3212,7616
2023-07-27 10:22:00,39,40,3112,7717
2023-07-27 10:22:21,40,41,3113,7718
2023-07-27 10:22:34,40,42,3113,7718
2023-07-27 10:22:35,41,42,3113,7718
2023-07-27 10:22:52,40,42,3113,7718
2023-07-27 10:24:09,40,41,3113,7718
2023-07-27 10:24:14,40,42,3113,7718
2023-07-27 10:24:57,40,41,3113,7718
2023-07-27 10:25:00,39,41,3113,7720
2023-07-27 10:25:00,39,40,3113,7720
2023-07-27 10:25:03,38,39,3112,7721
2023-07-27 10:25:03,37,38,3112,7722
2023-07-27 10:25:12,36,37,3112,7723
2023-07-27 10:25:19,35,36,3115,7727
2023-07-27 10:25:20,35,36,3215,7827
2023-07-27 10:25:27,32,36,3316,7928
2023-07-27 10:25:30,32,34,3316,7928
2023-07-27 10:25:48,32,36,3316,7928
2023-07-27 10:25:48,32,35,3316,7928
2023-07-27 10:25:53,32,34,3316,7928
2023-07-27 10:26:07,33,34,3316,7928
2023-07-27 10:26:15,33,36,3316,7928
2023-07-27 10:26:17,33,35,3316,7928
2023-07-27 10:26:20,32,35,3316,7928
2023-07-27 10:26:26,33,35,3316,7928
2023-07-27 10:26:27,32,35,3316,7928
2023-07-27 10:26:43,32,34,3316,7928
2023-07-27 10:26:46,32,33,3316,7928
2023-07-27 10:27:00,31,32,3316,7929
2023-07-27 10:27:01,31,33,3316,7929
2023-07-27 10:27:06,31,34,3316,7929
2023-07-27 10:27:10,31,33,3316,7929
2023-07-27 10:27:11,31,34,3316,7929
2023-07-27 10:27:14,31,33,3316,7929
2023-07-27 10:27:15,31,32,3316,7929
2023-07-27 10:27:16,31,33,3316,7929
2023-07-27 10:27:17,31,32,3316,7929
2023-07-27 10:27:17,30,32,3317,7930
2023-07-27 10:27:18,30,31,3317,7930
2023-07-27 10:27:19,30,32,3317,7930
2023-07-27 10:27:22,30,31,3317,7930
2023-07-27 10:27:25,29,31,3318,8280
2023-07-27 10:27:25,29,32,3318,8280
2023-07-27 10:27:26,29,33,3318,8280
2023-07-27 10:27:26,29,32,3318,8280
2023-07-27 10:27:30,29,31,3318,8280
2023-07-27 10:27:35,29,30,3318,8280
2023-07-27 10:28:52,30,31,3368,8330
2023-07-27 10:28:59,29,31,3418,8380
2023-07-27 10:29:01,29,30,3418,8380
2023-07-27 10:29:09,28,29,3418,8381
2023-07-27 10:29:17,27,28,3429,8392
2023-07-27 10:29:27,27,29,3429,8392
2023-07-27 10:29:27,28,29,3429,8392
2023-07-27 10:29:38,27,29,3429,8592
2023-07-27 10:29:40,27,28,3429,8592
2023-07-27 10:30:17,28,29,3429,8651
2023-07-27 10:30:43,28,29,3431,8653
2023-07-27 10:30:59,28,29,3432,8654
2023-07-27 10:31:21,28,29,3437,8659
2023-07-27 10:31:30,26,29,3296,8800
2023-07-27 10:31:31,27,29,3296,8800
2023-07-27 10:31:35,26,29,3296,8800
2023-07-27 10:31:35,27,29,3296,8800
2023-07-27 10:31:52,27,28,3296,8800
2023-07-27 10:32:31,28,29,3296,8804
2023-07-27 10:32:58,28,29,3298,8806
2023-07-27 10:33:11,29,30,3293,8811
2023-07-27 10:33:14,28,30,3293,8811
2023-07-27 10:33:16,29,30,3293,8811
2023-07-27 10:33:20,28,30,3293,8811
2023-07-27 10:33:28,29,30,3293,8811
2023-07-27 10:33:41,29,30,3293,8815
2023-07-27 10:33:46,29,31,3293,8815
2023-07-27 10:33:59,29,32,3293,8815
2023-07-27 10:34:00,30,32,3293,8815
2023-07-27 10:34:01,29,32,3293,8815
2023-07-27 10:34:05,30,32,3293,8815
2023-07-27 10:34:06,29,32,3293,8815
2023-07-27 10:34:07,30,32,3293,8815
2023-07-27 10:34:37,30,31,3293,8815
2023-07-27 10:34:40,30,31,3295,8817
2023-07-27 10:34:43,30,32,3295,8817
2023-07-27 10:34:46,30,33,3295,8817
2023-07-27 10:34:47,30,32,3295,8817
2023-07-27 10:34:47,31,32,3295,8817
2023-07-27 10:34:49,30,32,3295,8817
2023-07-27 10:35:01,31,32,3295,8817
2023-07-27 10:35:02,30,32,3295,8817
2023-07-27 10:35:04,30,33,3295,8817
2023-07-27 10:35:25,30,32,3295,8817
2023-07-27 10:35:45,31,32,3295,8817
2023-07-27 10:35:46,30,32,3295,8817
2023-07-27 10:35:48,31,32,3295,8817
2023-07-27 10:35:51,30,32,3295,8817
2023-07-27 10:36:04,31,32,3295,8817
2023-07-27 10:36:07,31,34,3295,8817
2023-07-27 10:36:12,31,33,3295,8817
2023-07-27 10:36:23,31,34,3295,8817
2023-07-27 10:36:38,33,34,3295,8817
2023-07-27 10:36:40,31,34,3295,8817
2023-07-27 10:36:41,33,34,3295,8817
2023-07-27 10:36:44,33,35,3295,8817
2023-07-27 10:36:45,31,35,3295,9017
2023-07-27 10:36:48,33,35,3295,9017
2023-07-27 10:36:51,32,35,3295,9017
2023-07-27 10:36:52,33,35,3295,9017
2023-07-27 10:37:03,32,35,3295,9017
2023-07-27 10:37:05,31,35,3295,9017
2023-07-27 10:37:29,31,34,3295,9017
2023-07-27 10:37:49,31,35,3295,9017
2023-07-27 10:38:02,31,34,3295,9017
2023-07-27 10:38:11,31,35,3295,9017
2023-07-27 10:38:12,31,34,3295,9017
2023-07-27 10:38:21,31,35,3295,9017
2023-07-27 10:38:33,33,35,3295,9017
2023-07-27 10:38:45,34,35,3295,9017
2023-07-27 10:38:46,35,36,3295,9018
2023-07-27 10:38:48,35,37,3346,9069
2023-07-27 10:38:52,33,37,3346,9069
2023-07-27 10:38:54,34,37,3346,9069
2023-07-27 10:38:58,33,37,3346,9069
2023-07-27 10:39:00,34,37,3346,9069
2023-07-27 10:39:01,33,37,3346,9069
2023-07-27 10:39:05,34,37,3346,9069
2023-07-27 10:39:06,33,37,3346,9069
2023-07-27 10:39:07,34,37,3346,9069
2023-07-27 10:39:17,34,37,3346,9269
2023-07-27 10:40:36,34,36,3346,9269
2023-07-27 10:40:46,34,35,3346,9269
2023-07-27 10:40:49,34,36,3346,9269
2023-07-27 10:40:53,34,37,3346,9269
2023-07-27 10:41:50,34,36,3346,9269
2023-07-27 10:41:52,33,36,3346,9269
2023-07-27 10:43:33,34,36,3346,9269
2023-07-27 10:43:58,34,37,3346,9269
2023-07-27 10:43:58,34,38,3346,9269
2023-07-27 10:45:00,34,37,3346,9269
2023-07-27 10:45:40,35,37,3346,9269
2023-07-27 10:45:43,34,37,3346,9269
2023-07-27 10:45:48,35,37,3346,9269
2023-07-27 10:46:14,36,37,3346,9269
2023-07-27 10:46:18,36,38,3346,9270
2023-07-27 10:46:22,37,38,3346,9270
2023-07-27 10:46:23,37,40,3346,9270
2023-07-27 10:46:25,36,40,3346,9270
2023-07-27 10:46:27,37,40,3346,9270
2023-07-27 10:46:29,36,40,3346,9270
2023-07-27 10:46:33,37,40,3346,9270
2023-07-27 10:47:07,36,40,3346,9270
2023-07-27 10:47:31,36,39,3346,9270
2023-07-27 10:48:05,37,39,3346,9270
2023-07-27 10:48:09,36,39,3346,9270
2023-07-27 10:49:01,36,38,3346,9270
2023-07-27 10:49:04,36,39,3346,9270
2023-07-27 10:49:09,36,38,3346,9270
2023-07-27 10:49:28,35,38,3346,9270
2023-07-27 10:49:40,35,37,3346,9270
2023-07-27 10:49:44,35,38,3346,9270
2023-07-27 10:49:45,35,37,3346,9270
2023-07-27 10:49:49,35,36,3346,9270
2023-07-27 10:49:51,33,36,3346,9270
2023-07-27 10:50:12,34,36,3346,9270
2023-07-27 10:50:15,33,36,3346,9270
2023-07-27 10:50:22,34,36,3346,9270
2023-07-27 10:50:43,33,36,3346,9270
2023-07-27 10:50:52,33,35,3346,9270
2023-07-27 10:50:57,33,34,3346,9270
2023-07-27 10:50:57,32,34,3346,9270
2023-07-27 10:51:15,31,34,3346,9270
2023-07-27 10:51:21,31,33,3346,9270
2023-07-27 10:51:34,31,32,3346,9270
2023-07-27 10:51:35,30,32,3346,9270
2023-07-27 10:51:46,30,31,3346,9270
2023-07-27 10:51:48,30,32,3346,9270
2023-07-27 10:52:01,29,32,3346,9270
2023-07-27 10:52:07,29,31,3346,9270
2023-07-27 10:52:15,28,31,3346,9270
2023-07-27 10:52:26,28,30,3346,9270
2023-07-27 10:52:26,28,29,3346,9270
2023-07-27 10:52:49,28,30,3396,9320
2023-07-27 10:52:53,28,31,3396,9320
2023-07-27 10:52:54,28,30,3396,9320
2023-07-27 10:52:57,27,30,3396,9320
2023-07-27 10:53:29,27,29,3396,9320
2023-07-27 10:53:35,27,30,3396,9320
2023-07-27 10:53:35,27,29,3396,9320
2023-07-27 10:53:39,27,30,3396,9320
2023-07-27 10:53:40,27,29,3396,9320
2023-07-27 10:53:42,27,30,3396,9320
2023-07-27 10:54:29,28,30,3396,9320
2023-07-27 10:55:32,29,30,3396,9320
2023-07-27 10:55:32,29,31,3396,9320
2023-07-27 10:55:34,28,31,3396,9320
2023-07-27 10:55:37,29,31,3396,9320
2023-07-27 10:55:39,28,31,3396,9320
2023-07-27 10:55:43,29,31,3396,9320
2023-07-27 10:56:04,30,31,3396,9320
2023-07-27 10:56:23,30,32,3396,9571
2023-07-27 10:56:25,30,31,3396,9571
2023-07-27 10:58:22,29,30,3406,9582
2023-07-27 10:58:26,28,29,3416,9593
2023-07-27 10:58:27,27,28,3431,9609
2023-07-27 10:58:35,26,27,3457,9635
2023-07-27 10:58:38,25,26,3458,9636
2023-07-27 10:58:40,24,26,3460,9836
2023-07-27 10:58:40,23,26,3460,9836
2023-07-27 10:58:40,23,25,3460,9836
2023-07-27 10:58:43,23,24,3460,9836
2023-07-27 10:58:44,23,25,3460,9836
2023-07-27 10:59:10,23,24,3460,9836
2023-07-27 10:59:12,22,24,3460,9836
2023-07-27 10:59:15,22,23,3460,9836
2023-07-27 10:59:17,21,22,3461,9837
2023-07-27 10:59:19,21,22,3483,9859
2023-07-27 10:59:21,21,23,3483,9859
2023-07-27 10:59:26,21,22,3483,9859
2023-07-27 10:59:48,21,23,3483,9859
2023-07-27 10:59:48,21,22,3483,9859
2023-07-27 10:59:49,21,23,3483,9859
2023-07-27 10:59:49,21,22,3483,9859
2023-07-27 10:59:57,21,24,3483,9859
2023-07-27 10:59:57,21,23,3483,9859
2023-07-27 10:59:58,21,24,3483,9859
2023-07-27 10:59:59,21,23,3483,9859
2023-07-27 11:00:01,21,25,3483,9859
2023-07-27 11:00:02,21,24,3483,9859
2023-07-27 11:00:03,22,24,3483,9859
2023-07-27 11:00:05,22,25,3483,9859
2023-07-27 11:00:06,23,25,3483,9859
2023-07-27 11:00:53,24,25,3483,9859
2023-07-27 11:01:07,24,26,3481,9961
2023-07-27 11:01:11,25,26,3481,9961
2023-07-27 11:01:48,24,26,3481,9961
2023-07-27 11:01:50,25,26,3481,9961
2023-07-27 11:02:55,26,27,3480,9962
2023-07-27 11:03:01,26,27,3479,10014
2023-07-27 11:03:06,26,28,3479,10014
2023-07-27 11:03:55,26,27,3479,10014
2023-07-27 11:04:31,26,27,3480,10015
2023-07-27 11:04:40,25,27,3481,10165
2023-07-27 11:04:41,25,26,3481,10165
2023-07-27 11:04:46,25,27,3481,10165
2023-07-27 11:04:48,25,26,3481,10165
2023-07-27 11:04:58,25,27,3481,10165
2023-07-27 11:05:00,25,26,3481,10165
2023-07-27 11:05:02,25,27,3481,10165
2023-07-27 11:05:04,25,26,3481,10165
2023-07-27 11:05:06,25,27,3481,10165
2023-07-27 11:05:07,25,26,3481,10165
2023-07-27 11:05:13,25,27,3481,10165
2023-07-27 11:05:14,24,25,3482,10166
2023-07-27 11:05:42,24,25,3482,10815
2023-07-27 11:07:29,23,25,3482,10840
2023-07-27 11:07:29,23,24,3482,10840
2023-07-27 11:07:36,22,23,3506,10864
2023-07-27 11:07:41,21,23,3506,10864
2023-07-27 11:07:42,21,22,3506,10864
2023-07-27 11:07:43,21,23,3506,10864
2023-07-27 11:07:49,21,24,3506,10864
2023-07-27 11:07:52,22,24,3506,10864
2023-07-27 11:08:04,22,23,3506,10864
2023-07-27 11:08:06,22,24,3506,10864
2023-07-27 11:08:07,22,23,3506,10864
2023-07-27 11:08:08,22,24,3506,10864
2023-07-27 11:08:18,22,23,3506,10864
2023-07-27 11:08:19,22,24,3506,10864
2023-07-27 11:08:20,22,23,3506,10864
2023-07-27 11:08:23,21,22,3506,10865
2023-07-27 11:08:24,21,23,3506,10865
2023-07-27 11:08:25,21,22,3506,10865
2023-07-27 11:08:25,21,22,3506,10866
2023-07-27 11:08:26,21,23,3506,10866
2023-07-27 11:08:27,21,22,3506,10866
2023-07-27 11:08:28,21,23,3506,10866
2023-07-27 11:08:29,21,22,3506,10866
2023-07-27 11:08:31,20,21,3506,10867
2023-07-27 11:08:34,20,22,3506,10867
2023-07-27 11:08:35,20,21,3506,10867
2023-07-27 11:08:36,20,22,3506,10867
2023-07-27 11:08:38,20,21,3506,10867
2023-07-27 11:08:42,20,22,3506,10867
2023-07-27 11:08:45,20,21,3506,10867
2023-07-27 11:08:46,20,22,3506,10867
2023-07-27 11:08:46,20,23,3506,10867
2023-07-27 11:08:46,20,22,3506,10867
2023-07-27 11:08:48,20,21,3506,10867
2023-07-27 11:09:02,20,22,3506,10867
2023-07-27 11:09:04,20,21,3506,10867
2023-07-27 11:09:04,20,21,3515,10876
2023-07-27 11:09:08,20,22,3515,10876
2023-07-27 11:09:09,20,21,3515,10876
2023-07-27 11:09:11,20,22,3515,10876
2023-07-27 11:09:14,20,21,3515,10876
2023-07-27 11:09:15,20,22,3515,10876
2023-07-27 11:09:16,20,21,3515,10876
2023-07-27 11:09:26,20,22,3515,10876
2023-07-27 11:09:27,20,21,3515,10876
2023-07-27 11:09:28,20,22,3515,10876
2023-07-27 11:09:30,20,21,3515,10876
2023-07-27 11:09:33,20,22,3515,10876
2023-07-27 11:09:36,20,21,3515,10876
2023-07-27 11:09:44,20,22,3515,10876
2023-07-27 11:09:44,20,21,3515,10876
2023-07-27 11:09:58,19,21,3515,10889
2023-07-27 11:09:59,19,20,3515,10889
2023-07-27 11:10:11,19,21,3515,10889
2023-07-27 11:10:13,19,20,3515,10889
2023-07-27 11:10:14,19,21,3515,10889
2023-07-27 11:10:25,20,21,3515,10889
2023-07-27 11:10:34,21,22,3513,10891
2023-07-27 11:10:34,21,22,3413,10991
2023-07-27 11:10:35,20,22,3413,10991
2023-07-27 11:10:42,20,21,3413,10991
2023-07-27 11:10:46,20,22,3413,10991
2023-07-27 11:10:46,21,22,3413,10991
2023-07-27 11:10:50,20,22,3413,11091
2023-07-27 11:10:55,20,21,3413,11091
2023-07-27 11:10:56,19,21,3408,11247
2023-07-27 11:11:18,19,22,3408,11247
2023-07-27 11:11:21,19,21,3408,11247
2023-07-27 11:11:21,19,20,3408,11247
2023-07-27 11:11:22,18,20,3241,11548
2023-07-27 11:11:27,18,21,3241,11548
2023-07-27 11:11:47,18,20,3241,11548
2023-07-27 11:12:42,18,19,3241,11548
2023-07-27 11:12:57,18,20,3241,11548
2023-07-27 11:13:19,18,19,3241,11548
2023-07-27 11:13:28,17,18,3359,11699
2023-07-27 11:13:29,17,19,3359,11699
2023-07-27 11:13:29,17,18,3359,11699
2023-07-27 11:13:30,17,19,3359,11699
2023-07-27 11:13:36,17,20,3359,11699
2023-07-27 11:13:43,18,20,3359,11699
2023-07-27 11:13:49,19,20,3359,11699
2023-07-27 11:13:52,18,20,3359,11699
2023-07-27 11:13:54,19,20,3359,11699
2023-07-27 11:13:58,18,20,3359,11699
2023-07-27 11:15:11,18,19,3359,11699
2023-07-27 11:16:25,19,20,3359,11700
2023-07-27 11:17:02,20,21,3359,11701
2023-07-27 11:17:18,19,21,3359,11701
2023-07-27 11:17:49,21,22,3359,11703
2023-07-27 11:18:33,21,23,3359,11703
2023-07-27 11:20:35,21,22,3359,11703
2023-07-27 11:20:54,21,23,3359,11703
2023-07-27 11:20:54,21,22,3359,11703
2023-07-27 11:21:09,21,23,3359,11703
2023-07-27 11:22:02,22,23,3359,11703
2023-07-27 11:22:05,21,23,3359,11703
2023-07-27 11:22:14,22,23,3359,11703
2023-07-27 11:22:27,22,24,3359,11703
2023-07-27 11:22:29,23,24,3359,11703
2023-07-27 11:22:32,22,24,3359,11703
2023-07-27 11:22:34,23,24,3359,11703
2023-07-27 11:22:35,22,24,3359,11703
2023-07-27 11:22:41,23,24,3359,11703
2023-07-27 11:22:43,22,24,3359,11703
2023-07-27 11:22:45,23,24,3359,11703
2023-07-27 11:22:50,22,24,3359,11703
2023-07-27 11:22:53,23,24,3359,11703
2023-07-27 11:22:55,22,24,3359,11703
2023-07-27 11:22:56,23,24,3359,11703
2023-07-27 11:22:57,22,24,3359,11703
2023-07-27 11:22:59,23,24,3359,11703
2023-07-27 11:23:03,23,25,3359,11703
2023-07-27 11:24:04,24,25,3359,11703
2023-07-27 11:24:07,23,25,3359,11703
2023-07-27 11:24:43,23,26,3355,11707
2023-07-27 11:26:21,23,25,3355,11707
2023-07-27 11:26:26,23,24,3355,11707
2023-07-27 11:27:18,22,23,3356,11708
2023-07-27 11:27:55,22,24,3356,11708
2023-07-27 11:28:12,22,23,3356,11708
2023-07-27 11:28:29,22,24,3356,11708
2023-07-27 11:28:42,23,24,3356,11708
2023-07-27 11:29:00,22,24,3356,11708
2023-07-27 11:29:00,23,24,3356,11708
2023-07-27 11:29:22,23,25,3455,11808
2023-07-27 11:29:52,23,26,3454,11809
2023-07-27 11:30:01,24,26,3454,11809
2023-07-27 11:30:03,25,26,3454,11809
2023-07-27 11:30:09,25,27,3253,12010
2023-07-27 11:30:17,25,28,3152,12111
2023-07-27 11:30:24,26,28,3152,12111
2023-07-27 11:30:39,28,29,3151,12112
2023-07-27 11:30:46,28,30,3151,12112
2023-07-27 11:30:52,28,31,3151,12113
2023-07-27 11:30:53,29,31,3151,12113
2023-07-27 11:30:54,28,31,3151,12113
2023-07-27 11:30:54,29,31,3151,12113
2023-07-27 11:30:57,30,31,3151,12113
2023-07-27 11:31:01,29,31,3151,12113
2023-07-27 11:31:04,30,31,3151,12113
2023-07-27 11:31:06,29,31,3151,12113
2023-07-27 11:31:06,28,29,3251,12214
2023-07-27 11:31:07,28,29,3251,12215
2023-07-27 11:31:08,28,31,3450,12414
2023-07-27 11:31:08,29,31,3450,12414
2023-07-27 11:31:09,28,31,3450,12414
2023-07-27 11:31:09,30,31,3450,12414
2023-07-27 11:31:10,30,31,3451,12415
2023-07-27 11:31:12,29,31,3451,12415
2023-07-27 11:31:22,28,31,3451,12614
2023-07-27 11:31:23,29,31,3451,12614
2023-07-27 11:31:55,28,31,3451,12814
2023-07-27 11:32:08,28,30,3451,12814
2023-07-27 11:32:12,28,31,3451,12814
2023-07-27 11:32:17,28,30,3451,12814
2023-07-27 11:33:06,28,29,3451,12814
2023-07-27 11:33:18,28,30,3451,12814
2023-07-27 11:33:50,28,29,3451,12814
2023-07-27 11:34:06,27,29,3451,12814
2023-07-27 11:34:57,27,30,3451,12814
2023-07-27 11:35:42,28,30,3451,12814
2023-07-27 11:37:09,28,29,3451,12814
2023-07-27 11:37:11,27,28,3451,12818
2023-07-27 11:37:15,26,28,3451,12818
2023-07-27 11:37:39,26,28,3453,12820
2023-07-27 11:37:48,26,29,3453,12820
2023-07-27 11:40:01,27,29,3453,12820
2023-07-27 11:40:10,27,30,3453,12820
2023-07-27 11:40:18,27,31,3452,13071
2023-07-27 11:40:19,28,31,3452,13071
2023-07-27 11:40:32,29,31,3452,13071
2023-07-27 11:40:35,28,31,3452,13071
2023-07-27 11:40:44,29,31,3452,13071
2023-07-27 11:41:01,29,30,3452,13071
2023-07-27 11:41:02,28,29,3452,13072
2023-07-27 11:41:04,27,28,3452,13073
2023-07-27 11:41:12,27,29,3452,13073
2023-07-27 11:41:16,27,28,3452,13073
2023-07-27 11:41:24,27,29,3452,13073
2023-07-27 11:41:29,27,28,3452,13073
2023-07-27 11:41:35,27,29,3452,13073
2023-07-27 11:41:45,27,28,3452,13073
2023-07-27 11:41:52,27,29,3452,13073
2023-07-27 11:42:05,27,28,3452,13073
2023-07-27 11:42:15,26,27,3452,13074
2023-07-27 11:42:26,26,28,3452,13074
2023-07-27 11:42:30,25,26,3453,13325
2023-07-27 11:43:09,25,27,3788,13875
2023-07-27 11:43:09,25,26,3788,13875
2023-07-27 11:43:17,25,27,3788,13875
2023-07-27 11:43:19,24,27,3788,13875
2023-07-27 11:43:21,24,26,3788,13875
2023-07-27 11:43:33,24,27,3788,13875
2023-07-27 11:43:52,24,26,3788,13875
2023-07-27 11:44:08,24,25,3788,13875
2023-07-27 11:44:23,24,26,3788,13875
2023-07-27 11:44:39,23,24,3789,13876
2023-07-27 11:45:33,22,23,3790,13877
2023-07-27 11:45:43,22,24,3790,13877
2023-07-27 11:45:43,22,23,3790,13877
2023-07-27 11:45:50,22,24,3790,13877
2023-07-27 11:46:10,23,24,3790,13877
2023-07-27 11:46:22,22,24,3790,13877
2023-07-27 11:46:26,23,24,3790,13877
2023-07-27 11:46:36,22,24,3790,13877
2023-07-27 11:46:37,23,24,3790,13877
2023-07-27 11:47:03,22,23,3791,13878
2023-07-27 11:47:53,22,24,3791,13878
2023-07-27 11:48:05,22,23,3791,13878
2023-07-27 11:48:06,21,22,3792,13879
2023-07-27 11:48:27,20,21,3793,13880
2023-07-27 11:48:34,20,22,3793,13880
2023-07-27 11:48:34,20,21,3793,13880
2023-07-27 11:48:40,19,20,3793,13881
2023-07-27 11:48:41,18,19,3793,13882
2023-07-27 11:48:43,17,19,3543,14133
2023-07-27 11:48:44,17,18,3543,14133
2023-07-27 11:48:56,17,19,3543,14133
2023-07-27 11:49:26,18,19,3543,14133
2023-07-27 11:50:09,18,20,3543,14133
2023-07-27 11:50:26,19,20,3543,14133
2023-07-27 11:51:16,19,20,3604,14194
2023-07-27 11:51:22,18,19,3644,14234
2023-07-27 11:51:53,18,19,4044,14634
2023-07-27 11:51:58,18,19,4444,15034
2023-07-27 11:51:59,18,19,4844,15434
2023-07-27 11:52:21,18,19,5094,15684
2023-07-27 11:52:22,18,19,5178,15884
2023-07-27 11:52:26,18,19,5428,16134
2023-07-27 11:52:27,18,20,5488,16195
2023-07-27 11:52:27,19,20,5488,16195
2023-07-27 11:52:28,19,21,5488,16197
2023-07-27 11:52:58,19,22,5534,16244
2023-07-27 11:53:58,19,21,5534,16244
2023-07-27 11:54:03,19,20,5534,16244
2023-07-27 11:54:51,19,21,5534,16244
2023-07-27 11:54:56,18,21,5534,16345
2023-07-27 11:54:59,18,20,5534,16345
2023-07-27 11:55:00,18,21,5534,16345
2023-07-27 11:55:03,18,20,5534,16345
2023-07-27 11:55:24,18,19,5534,16345
2023-07-27 11:55:28,17,18,5601,16496
2023-07-27 11:55:29,17,19,5601,16496
2023-07-27 11:56:04,18,19,5601,16496
2023-07-27 11:56:21,18,20,5601,16496
2023-07-27 11:58:04,18,19,5601,16496
2023-07-27 11:59:50,18,20,5601,16496
2023-07-27 12:01:16,18,22,5597,16750
2023-07-27 12:01:17,19,22,5597,16750
2023-07-27 12:01:18,19,21,5597,16750
2023-07-27 12:01:20,18,21,5597,16750
2023-07-27 12:01:23,19,21,5597,16750
2023-07-27 12:01:47,19,22,5597,16750
2023-07-27 12:01:54,20,22,5597,16750
2023-07-27 12:02:12,20,23,5597,16750
2023-07-27 12:02:18,20,22,5597,16750
2023-07-27 12:02:19,20,23,5597,16750
2023-07-27 12:02:20,20,22,5597,16750
2023-07-27 12:02:36,20,23,5597,16750
2023-07-27 12:02:36,21,23,5597,16750
2023-07-27 12:02:46,21,22,5597,16750
2023-07-27 12:02:47,21,23,5597,16750
2023-07-27 12:02:52,21,22,5597,16750
2023-07-27 12:03:12,21,23,5597,16750
2023-07-27 12:03:16,21,22,5597,16750
2023-07-27 12:03:26,21,23,5597,16750
2023-07-27 12:03:27,22,23,5597,16750
2023-07-27 12:03:50,22,24,5597,16750
2023-07-27 12:03:50,22,23,5597,16750
2023-07-27 12:03:55,22,24,5601,17054
2023-07-27 12:03:56,23,24,5601,17054
2023-07-27 12:04:07,22,24,5601,17054
2023-07-27 12:04:12,23,24,5601,17054
2023-07-27 12:05:22,23,25,5601,17054
2023-07-27 12:05:47,24,25,5601,17054
2023-07-27 12:07:49,25,26,5598,17057
2023-07-27 12:08:10,25,27,5598,17057
2023-07-27 12:08:10,25,26,5598,17057
2023-07-27 12:08:20,26,27,5600,17059
2023-07-27 12:08:20,26,27,5661,17120
2023-07-27 12:08:20,26,27,5662,17121
2023-07-27 12:08:21,27,28,5662,17122
2023-07-27 12:08:21,26,28,5761,17221
2023-07-27 12:08:21,26,27,5761,17221
2023-07-27 12:08:21,26,27,5797,17320
2023-07-27 12:08:21,26,28,5797,17320
2023-07-27 12:08:22,27,28,5797,17320
2023-07-27 12:08:26,27,28,5851,17374
2023-07-27 12:08:26,27,28,5905,17428
2023-07-27 12:08:26,27,28,5966,17489
2023-07-27 12:08:26,27,28,5997,17520
2023-07-27 12:08:26,27,28,6028,17551
2023-07-27 12:08:26,27,28,6059,17582
2023-07-27 12:08:58,27,29,6059,17582
2023-07-27 12:09:09,28,29,6059,17582
2023-07-27 12:09:28,28,29,6059,17741
2023-07-27 12:09:28,27,28,6060,17767
2023-07-27 12:09:28,25,26,6062,17769
2023-07-27 12:09:30,25,28,6069,17776
2023-07-27 12:09:31,26,28,6069,17776
2023-07-27 12:10:10,27,28,6069,17776
2023-07-27 12:10:12,27,29,6202,17912
2023-07-27 12:10:25,27,30,6202,17912
2023-07-27 12:12:00,27,31,6202,17912
2023-07-27 12:12:52,28,31,6202,17912
2023-07-27 12:12:54,27,31,6202,17912
2023-07-27 12:13:24,27,30,6202,17912
2023-07-27 12:13:28,27,31,6202,17912
2023-07-27 12:13:44,28,31,6202,17912
2023-07-27 12:14:42,28,30,6202,17912
2023-07-27 12:14:55,27,30,6202,17912
2023-07-27 12:15:10,28,30,6202,17912
2023-07-27 12:15:21,27,30,6202,17912
2023-07-27 12:15:25,27,31,6202,17912
2023-07-27 12:15:35,28,31,6202,17912
2023-07-27 12:15:52,28,32,6202,17912
2023-07-27 12:15:55,29,32,6202,17912
2023-07-27 12:16:44,30,32,6202,17912
2023-07-27 12:16:44,30,33,6202,17912
2023-07-27 12:16:57,29,33,6202,17912
2023-07-27 12:17:03,29,32,6202,17912
2023-07-27 12:17:04,29,33,6202,17912
2023-07-27 12:17:20,29,32,6202,17912
2023-07-27 12:17:25,29,31,6202,17912
2023-07-27 12:17:27,29,30,6202,17912
2023-07-27 12:17:36,29,31,6202,17912
2023-07-27 12:17:37,29,30,6202,17912
2023-07-27 12:17:38,29,31,6202,17912
2023-07-27 12:17:39,29,30,6202,17912
2023-07-27 12:17:41,29,31,6202,17912
2023-07-27 12:17:41,28,31,6202,17912
2023-07-27 12:17:41,27,31,6202,17912
2023-07-27 12:17:41,27,30,6202,17912
2023-07-27 12:17:49,27,29,6202,17912
2023-07-27 12:17:50,27,28,6202,17912
2023-07-27 12:17:54,27,29,6202,17912
2023-07-27 12:18:02,26,29,6202,17912
2023-07-27 12:18:16,26,28,6202,17912
2023-07-27 12:18:17,26,29,6202,17912
2023-07-27 12:18:17,26,27,6202,17912
2023-07-27 12:18:18,26,29,6202,17912
2023-07-27 12:18:24,26,28,6202,17912
2023-07-27 12:18:36,26,29,6202,17912
2023-07-27 12:19:22,26,28,6202,17912
2023-07-27 12:19:23,26,29,6202,17912
2023-07-27 12:19:24,26,28,6202,17912
2023-07-27 12:19:26,26,29,6202,17912
2023-07-27 12:19:26,26,27,6202,17912
2023-07-27 12:19:27,26,28,6202,17912
2023-07-27 12:19:33,26,29,6202,17912
2023-07-27 12:20:25,26,28,6202,17912
2023-07-27 12:20:28,26,29,6202,17912
2023-07-27 12:21:25,26,28,6202,17912
2023-07-27 12:21:49,26,29,6202,17912
2023-07-27 12:22:26,27,29,6202,17912
2023-07-27 12:22:31,28,29,6202,17912
2023-07-27 12:22:32,28,30,6202,17912
2023-07-27 12:22:39,27,30,6202,17912
2023-07-27 12:22:51,28,30,6202,17912
2023-07-27 12:22:53,28,31,6202,17912
2023-07-27 12:22:55,28,29,6202,17912
2023-07-27 12:22:56,28,31,6208,17918
2023-07-27 12:23:55,28,32,6208,17918
2023-07-27 12:24:20,29,32,6208,17918
2023-07-27 12:24:56,31,32,6208,17918
2023-07-27 12:24:57,31,33,6208,17918
2023-07-27 12:25:37,32,33,6208,17918
2023-07-27 12:25:40,31,33,6208,17918
2023-07-27 12:25:42,32,33,6208,17918
2023-07-27 12:25:46,31,33,6208,17918
2023-07-27 12:25:52,31,34,6208,17918
2023-07-27 12:25:58,32,34,6208,17918
2023-07-27 12:26:14,32,35,6208,17919
2023-07-27 12:26:15,34,35,6208,17919
2023-07-27 12:26:17,34,36,6208,17920
2023-07-27 12:26:22,34,37,6208,17920
2023-07-27 12:27:44,35,37,6208,17920
2023-07-27 12:27:52,34,37,6208,17920
2023-07-27 12:27:52,34,38,6208,17921
2023-07-27 12:27:58,35,38,6208,17921
2023-07-27 12:28:02,34,38,6208,17921
2023-07-27 12:28:03,35,38,6208,17921
2023-07-27 12:29:34,35,40,6210,17923
2023-07-27 12:29:50,36,40,6210,17923
2023-07-27 12:29:58,37,40,6210,17923
2023-07-27 12:29:59,37,41,6211,17924
2023-07-27 12:30:04,38,41,6211,17924
2023-07-27 12:30:05,37,41,6211,17924
2023-07-27 12:30:06,38,41,6211,17924
2023-07-27 12:30:09,40,41,6211,17924
2023-07-27 12:30:21,38,41,6211,17924
2023-07-27 12:30:22,39,41,6211,17924
2023-07-27 12:30:32,39,42,6212,17925
2023-07-27 12:31:15,39,43,6262,17975
2023-07-27 12:31:16,40,43,6262,17975
2023-07-27 12:31:24,39,43,6262,17975
2023-07-27 12:31:24,41,43,6262,17975
2023-07-27 12:31:25,40,43,6262,17975
2023-07-27 12:31:37,41,43,6262,17975
2023-07-27 12:31:40,40,43,6262,17975
2023-07-27 12:31:40,42,43,6262,17975
2023-07-27 12:31:46,42,44,6262,17975
2023-07-27 12:31:52,43,44,6262,17975
2023-07-27 12:32:02,43,45,6262,17975
2023-07-27 12:32:11,42,45,6262,17975
2023-07-27 12:32:14,43,45,6262,17975
2023-07-27 12:32:26,42,45,6262,17975
2023-07-27 12:32:32,43,45,6262,17975
2023-07-27 12:32:45,42,45,6262,17975
2023-07-27 12:32:54,43,45,6262,17975
2023-07-27 12:33:17,42,45,6262,17975
2023-07-27 12:33:34,42,44,6262,17975
2023-07-27 12:33:35,42,45,6262,17975
2023-07-27 12:33:35,41,45,6214,18023
2023-07-27 12:33:35,41,44,6214,18023
2023-07-27 12:33:36,41,43,6214,18023
2023-07-27 12:33:37,41,42,6214,18023
2023-07-27 12:33:37,40,42,6214,18023
2023-07-27 12:33:41,40,41,6214,18023
2023-07-27 12:33:42,40,42,6214,18023
2023-07-27 12:33:43,40,41,6214,18023
2023-07-27 12:33:44,40,42,6214,18023
2023-07-27 12:33:58,39,42,6214,18023
2023-07-27 12:34:17,40,42,6214,18023
2023-07-27 12:34:46,40,41,6214,18023
2023-07-27 12:34:47,39,41,6214,18023
2023-07-27 12:34:49,39,42,6214,18023
2023-07-27 12:35:01,39,41,6214,18023
2023-07-27 12:35:04,39,42,6214,18023
2023-07-27 12:35:05,39,41,6214,18023
2023-07-27 12:35:16,39,40,6214,18023
2023-07-27 12:35:17,39,41,6214,18023
2023-07-27 12:35:41,39,40,6214,18023
2023-07-27 12:35:42,39,41,6214,18023
2023-07-27 12:35:46,39,40,6214,18023
2023-07-27 12:35:52,39,41,6214,18023
2023-07-27 12:36:11,39,42,6214,18023
2023-07-27 12:36:25,39,43,6214,18023
2023-07-27 12:36:37,40,43,6214,18023
2023-07-27 12:37:01,41,43,6214,18023
2023-07-27 12:37:21,41,44,6214,18023
2023-07-27 12:37:21,41,45,6214,18023
2023-07-27 12:37:21,41,46,6214,18023
2023-07-27 12:37:26,41,45,6214,18023
2023-07-27 12:37:27,41,46,6214,18023
2023-07-27 12:37:30,41,45,6214,18023
2023-07-27 12:37:35,41,46,6214,18023
2023-07-27 12:37:41,41,45,6214,18023
2023-07-27 12:37:42,41,46,6214,18023
2023-07-27 12:37:43,41,45,6214,18023
2023-07-27 12:37:47,41,46,6214,18023
2023-07-27 12:37:54,41,45,6214,18023
2023-07-27 12:37:55,41,46,6214,18023
2023-07-27 12:37:59,41,45,6214,18023
2023-07-27 12:38:00,41,46,6214,18023
2023-07-27 12:38:04,41,45,6214,18023
2023-07-27 12:38:14,41,46,6214,18023
2023-07-27 12:38:28,41,45,6214,18023
2023-07-27 12:38:29,41,46,6214,18023
2023-07-27 12:38:29,41,44,6214,18023
2023-07-27 12:38:30,41,46,6214,18023
2023-07-27 12:38:35,41,45,6214,18023
2023-07-27 12:38:36,41,44,6214,18023
2023-07-27 12:38:37,41,45,6214,18023
2023-07-27 12:38:38,41,44,6214,18023
2023-07-27 12:38:41,41,45,6214,18023
2023-07-27 12:38:45,41,44,6214,18023
2023-07-27 12:38:47,41,45,6214,18023
2023-07-27 12:38:48,41,44,6214,18023
2023-07-27 12:39:08,41,43,6214,18023
2023-07-27 12:39:11,41,44,6214,18023
2023-07-27 12:39:13,41,43,6214,18023
2023-07-27 12:39:14,41,42,6214,18023
2023-07-27 12:39:18,41,44,6214,18023
2023-07-27 12:39:21,41,43,6214,18023
2023-07-27 12:39:24,41,44,6214,18023
2023-07-27 12:39:26,40,44,6214,18023
2023-07-27 12:39:27,40,43,6214,18023
2023-07-27 12:39:29,40,44,6214,18023
2023-07-27 12:39:39,40,43,6214,18023
2023-07-27 12:39:46,40,42,6214,18023
2023-07-27 12:39:47,40,43,6214,18023
2023-07-27 12:39:48,40,42,6214,18023
2023-07-27 12:39:49,40,43,6214,18023
2023-07-27 12:39:50,40,44,6214,18023
2023-07-27 12:39:52,40,43,6214,18023
2023-07-27 12:39:55,40,44,6214,18023
2023-07-27 12:40:21,41,44,6214,18023
2023-07-27 12:40:24,40,44,6214,18023
2023-07-27 12:41:21,41,44,6214,18023
2023-07-27 12:41:29,42,44,6214,18023
2023-07-27 12:41:32,42,45,6214,18023
2023-07-27 12:42:11,42,44,6214,18023
2023-07-27 12:42:15,41,44,6214,18023
2023-07-27 12:42:33,42,44,6214,18023
2023-07-27 12:42:37,41,44,6214,18023
2023-07-27 12:42:39,41,45,6215,18024
2023-07-27 12:43:16,42,45,6215,18024
2023-07-27 12:43:33,42,44,6215,18024
2023-07-27 12:43:36,42,45,6215,18024
2023-07-27 12:44:33,42,44,6215,18024
2023-07-27 12:44:40,42,45,6215,18024
2023-07-27 12:44:43,42,46,6215,18024
2023-07-27 12:44:47,42,45,6215,18024
2023-07-27 12:44:48,42,44,6215,18024
2023-07-27 12:44:52,42,46,6215,18024
2023-07-27 12:44:54,42,45,6215,18024
2023-07-27 12:44:58,42,44,6215,18024
2023-07-27 12:44:59,42,45,6215,18024
2023-07-27 12:45:00,42,44,6215,18024
2023-07-27 12:45:00,41,44,6215,18024
2023-07-27 12:46:30,41,45,6215,18024
2023-07-27 12:46:47,41,46,6215,18024
2023-07-27 12:46:50,41,45,6215,18024
2023-07-27 12:46:51,41,46,6215,18024
2023-07-27 12:46:52,41,45,6215,18024
2023-07-27 12:46:53,41,44,6215,18024
2023-07-27 12:46:56,41,45,6215,18024
2023-07-27 12:46:56,41,46,6215,18024
2023-07-27 12:47:00,41,45,6215,18024
2023-07-27 12:47:01,41,46,6215,18024
2023-07-27 12:47:02,41,45,6215,18024
2023-07-27 12:47:03,41,44,6215,18024
2023-07-27 12:47:11,41,45,6215,18024
2023-07-27 12:47:12,41,45,6215,18024
2023-07-27 12:47:13,41,46,6215,18024
2023-07-27 12:47:18,41,45,6215,18024
2023-07-27 12:48:12,41,46,6215,18024
2023-07-27 12:48:23,43,46,6215,18024
2023-07-27 12:48:54,43,47,6215,18024
2023-07-27 12:49:22,43,46,6215,18024
2023-07-27 12:49:23,43,47,6215,18024
2023-07-27 12:49:24,43,46,6215,18024
2023-07-27 12:49:25,43,47,6215,18024
2023-07-27 12:49:29,43,46,6215,18024
2023-07-27 12:49:30,43,47,6215,18024
2023-07-27 12:49:31,43,46,6215,18024
2023-07-27 12:49:36,43,47,6215,18024
2023-07-27 12:49:37,43,46,6215,18024
2023-07-27 12:49:38,43,45,6215,18024
2023-07-27 12:49:39,42,45,6215,18024
2023-07-27 12:49:40,42,46,6215,18024
2023-07-27 12:49:41,42,45,6215,18024
2023-07-27 12:49:43,42,44,6215,18024
2023-07-27 12:49:44,42,45,6215,18024
2023-07-27 12:49:47,42,46,6215,18024
2023-07-27 12:49:49,42,45,6215,18024
2023-07-27 12:49:54,42,46,6215,18024
2023-07-27 12:49:55,41,46,6215,18024
2023-07-27 12:49:56,41,45,6215,18024
2023-07-27 12:50:15,41,44,6215,18024
2023-07-27 12:50:16,41,45,6215,18024
2023-07-27 12:50:20,41,44,6215,18024
2023-07-27 12:50:36,41,43,6215,18024
2023-07-27 12:50:45,40,43,6212,18027
2023-07-27 12:50:46,40,42,6212,18027
2023-07-27 12:50:47,40,41,6212,18027
2023-07-27 12:50:49,39,40,6211,18028
2023-07-27 12:50:53,38,40,6211,18028
2023-07-27 12:51:20,38,41,6211,18028
2023-07-27 12:51:38,38,40,6211,18028
2023-07-27 12:51:39,38,41,6211,18028
2023-07-27 12:51:40,38,40,6211,18028
2023-07-27 12:51:41,38,39,6211,18028
2023-07-27 12:51:44,38,40,6211,18028
2023-07-27 12:51:45,38,39,6211,18028
2023-07-27 12:51:46,38,40,6211,18028
2023-07-27 12:51:48,38,39,6211,18028
2023-07-27 12:51:49,37,38,6210,18029
2023-07-27 12:51:50,36,37,6209,18030
2023-07-27 12:51:55,35,37,6209,18030
2023-07-27 12:52:23,35,38,6209,18030
2023-07-27 12:52:31,36,38,6209,18030
2023-07-27 12:52:36,36,39,6211,18032
2023-07-27 12:53:15,36,38,6211,18032
2023-07-27 12:53:16,36,37,6211,18032
2023-07-27 12:53:19,35,36,6210,18033
2023-07-27 12:53:21,35,39,6210,18033
2023-07-27 12:53:21,35,38,6210,18033
2023-07-27 12:53:22,35,36,6210,18033
2023-07-27 12:53:28,34,35,6209,18034
2023-07-27 12:53:44,34,37,6209,18034
2023-07-27 12:53:46,34,36,6209,18034
2023-07-27 12:53:50,34,35,6209,18034
2023-07-27 12:53:52,34,36,6209,18034
2023-07-27 12:53:54,34,35,6209,18034
2023-07-27 12:53:57,34,36,6209,18034
2023-07-27 12:54:01,34,35,6209,18034
2023-07-27 12:54:04,33,34,6208,18035
2023-07-27 12:54:17,33,35,6209,18036
2023-07-27 12:54:40,33,36,6209,18036
2023-07-27 12:54:49,33,35,6209,18036
2023-07-27 12:54:50,33,36,6209,18036
2023-07-27 12:55:01,33,35,6209,18036
2023-07-27 12:55:02,33,36,6209,18036
2023-07-27 12:55:13,33,35,6209,18036
2023-07-27 12:55:15,33,34,6209,18036
2023-07-27 12:55:23,33,35,6209,18036
2023-07-27 12:55:25,33,34,6209,18036
2023-07-27 12:55:30,33,35,6209,18036
2023-07-27 12:55:30,32,35,6209,18036
2023-07-27 12:55:31,32,34,6209,18036
2023-07-27 12:56:01,32,35,6209,18036
2023-07-27 12:56:30,32,36,6209,18036
2023-07-27 12:56:35,34,36,6209,18036
2023-07-27 12:57:22,34,37,6209,18036
2023-07-27 12:57:24,34,36,6209,18036
2023-07-27 12:57:33,34,37,6209,18036
2023-07-27 12:57:37,34,36,6209,18036
2023-07-27 12:57:38,34,37,6209,18036
2023-07-27 12:57:41,34,36,6209,18036
2023-07-27 12:57:42,34,37,6209,18036
2023-07-27 12:57:51,33,37,6209,18036
2023-07-27 12:57:51,33,36,6209,18036
2023-07-27 12:57:52,33,37,6209,18036
2023-07-27 12:57:53,33,36,6209,18036
2023-07-27 12:57:56,33,35,6209,18036
2023-07-27 12:58:02,33,34,6209,18036
2023-07-27 12:58:07,33,36,6209,18136
2023-07-27 12:58:14,33,35,6209,18136
2023-07-27 12:58:15,33,36,6209,18136
2023-07-27 12:58:16,33,35,6209,18136
2023-07-27 12:58:17,33,36,6209,18136
2023-07-27 12:58:19,33,35,6209,18136
2023-07-27 12:58:33,33,34,6209,18136
2023-07-27 12:58:34,33,35,6209,18136
2023-07-27 12:58:53,33,36,6210,18137
2023-07-27 12:59:04,33,35,6210,18137
2023-07-27 12:59:05,33,34,6210,18137
2023-07-27 12:59:06,33,36,6210,18137
2023-07-27 12:59:09,33,35,6210,18137
2023-07-27 12:59:10,33,34,6210,18137
2023-07-27 12:59:12,33,36,6210,18137
2023-07-27 12:59:13,33,35,6210,18137
2023-07-27 12:59:14,33,36,6210,18137
2023-07-27 12:59:30,34,36,6210,18137
2023-07-27 12:59:50,35,36,6210,18137
2023-07-27 12:59:55,35,37,6211,18138
2023-07-27 12:59:59,35,37,6344,18338
2023-07-27 12:59:59,35,37,6594,18588
2023-07-27 13:00:01,36,37,6594,18588
2023-07-27 13:00:06,35,37,6594,18588
2023-07-27 13:00:06,35,37,6844,18838
2023-07-27 13:00:06,36,37,6844,18838
2023-07-27 13:00:09,36,38,6844,18838
2023-07-27 13:00:09,37,38,6844,18838
2023-07-27 13:00:09,37,38,6845,18839
2023-07-27 13:00:13,37,39,6846,18840
2023-07-27 13:00:14,37,40,6846,18840
2023-07-27 13:00:15,36,40,6846,18840
2023-07-27 13:00:24,37,40,6846,18840
2023-07-27 13:00:28,37,41,6847,18841
2023-07-27 13:00:30,38,41,6847,18841
2023-07-27 13:00:43,38,42,6848,18843
2023-07-27 13:01:18,39,42,6848,18843
2023-07-27 13:01:26,38,42,6848,18843
2023-07-27 13:01:54,38,41,6848,18843
2023-07-27 13:02:01,38,40,6848,18843
2023-07-27 13:02:07,38,42,6848,18843
2023-07-27 13:02:07,37,42,6848,18843
2023-07-27 13:02:07,37,40,6848,18843
2023-07-27 13:02:10,37,41,6849,18844
2023-07-27 13:02:15,38,41,6849,18844
2023-07-27 13:02:17,39,41,6849,18844
2023-07-27 13:02:21,39,42,6849,18844
2023-07-27 13:03:00,39,43,6849,18844
2023-07-27 13:03:45,40,43,6849,18844
2023-07-27 13:03:47,40,44,6849,18844
2023-07-27 13:03:56,41,44,6849,18844
2023-07-27 13:04:00,40,44,6849,18844
2023-07-27 13:04:03,41,44,6849,18844
2023-07-27 13:04:10,40,44,6849,18844
2023-07-27 13:04:11,40,45,6849,18844
2023-07-27 13:04:16,40,44,6849,18844
2023-07-27 13:04:17,40,45,6849,18844
2023-07-27 13:04:17,40,44,6849,18844
2023-07-27 13:04:32,40,45,6849,18844
2023-07-27 13:04:33,40,44,6849,18844
2023-07-27 13:04:35,40,43,6849,18844
2023-07-27 13:04:39,40,42,6849,18844
2023-07-27 13:04:43,39,40,6848,18845
2023-07-27 13:04:46,37,39,6848,18848
2023-07-27 13:04:47,37,38,6848,18848
2023-07-27 13:04:49,36,37,6847,18849
2023-07-27 13:04:50,35,37,6847,18849
2023-07-27 13:04:51,35,38,6847,18849
2023-07-27 13:04:57,35,37,6847,18849
2023-07-27 13:05:01,34,37,7147,19150
2023-07-27 13:05:06,37,38,7147,19250
2023-07-27 13:05:07,37,38,7148,19251
2023-07-27 13:05:09,34,38,7148,19450
2023-07-27 13:05:17,35,38,7148,19450
2023-07-27 13:05:26,34,38,7148,19450
2023-07-27 13:05:28,34,37,7148,19450
2023-07-27 13:05:29,34,36,7148,19450
2023-07-27 13:05:30,34,37,7148,19450
2023-07-27 13:05:31,34,36,7148,19450
2023-07-27 13:05:32,34,35,7148,19450
2023-07-27 13:05:32,32,33,7146,19527
2023-07-27 13:05:33,31,32,7145,19528
2023-07-27 13:05:34,29,30,7144,19530
2023-07-27 13:05:35,28,29,7145,19531
2023-07-27 13:05:36,27,28,7145,19532
2023-07-27 13:05:37,23,27,7193,19632
2023-07-27 13:05:37,23,25,7193,19632
2023-07-27 13:05:37,20,25,7193,19632
2023-07-27 13:05:38,20,27,7193,19632
2023-07-27 13:05:38,20,26,7193,19632
2023-07-27 13:05:38,20,25,7193,19632
2023-07-27 13:05:38,20,24,7193,19632
2023-07-27 13:05:39,21,24,7193,19632
2023-07-27 13:05:39,21,25,7193,19632
2023-07-27 13:05:44,22,25,7193,19632
2023-07-27 13:05:44,22,26,7193,19632
2023-07-27 13:05:46,22,27,7193,19632
2023-07-27 13:05:49,22,26,7193,19632
2023-07-27 13:05:50,21,26,7193,19632
2023-07-27 13:05:50,21,25,7193,19632
2023-07-27 13:05:51,21,26,7193,19632
2023-07-27 13:05:52,22,26,7193,19632
2023-07-27 13:05:53,22,25,7193,19632
2023-07-27 13:05:57,22,26,7193,19632
2023-07-27 13:06:01,22,27,7443,19882
2023-07-27 13:06:01,23,27,7443,19882
2023-07-27 13:06:02,23,26,7443,19882
2023-07-27 13:06:07,23,25,7443,19882
2023-07-27 13:06:14,23,26,7443,19882
2023-07-27 13:06:19,23,25,7443,19882
2023-07-27 13:06:20,23,26,7443,19882
2023-07-27 13:06:21,24,26,7443,19882
2023-07-27 13:06:23,23,26,7443,19882
2023-07-27 13:06:23,25,26,7443,19882
2023-07-27 13:06:24,25,28,7443,20082
2023-07-27 13:06:25,26,28,7443,20082
2023-07-27 13:06:29,27,28,7443,20082
2023-07-27 13:06:31,28,29,7443,20083
2023-07-27 13:06:40,27,29,7443,20084
2023-07-27 13:06:43,27,28,7443,20084
2023-07-27 13:06:44,26,27,7444,20085
2023-07-27 13:06:45,25,27,7445,20086
2023-07-27 13:06:45,25,26,7445,20086
2023-07-27 13:06:46,23,26,7445,20086
2023-07-27 13:06:46,23,25,7445,20086
2023-07-27 13:06:48,23,24,7445,20086
2023-07-27 13:06:51,22,23,7445,20087
2023-07-27 13:07:02,20,21,7447,20089
2023-07-27 13:07:09,19,20,7447,20090
2023-07-27 13:07:17,19,21,7447,20090
2023-07-27 13:07:18,20,21,7447,20090
2023-07-27 13:07:20,19,21,7447,20090
2023-07-27 13:07:24,19,20,7447,20090
2023-07-27 13:07:31,19,20,7048,20490
2023-07-27 13:07:33,19,20,6648,20890
2023-07-27 13:07:33,18,20,6447,21091
2023-07-27 13:07:34,18,19,6447,21091
2023-07-27 13:07:47,18,20,6447,21091
2023-07-27 13:08:01,18,19,6447,21091
2023-07-27 13:08:11,17,18,6448,21092
2023-07-27 13:08:12,16,18,6448,21193
2023-07-27 13:08:27,17,18,6448,21193
2023-07-27 13:08:35,18,19,6447,21194
2023-07-27 13:08:38,19,20,6445,21196
2023-07-27 13:08:42,19,21,6445,21197
2023-07-27 13:08:44,20,21,6445,21197
2023-07-27 13:08:56,21,22,6444,21198
2023-07-27 13:08:57,21,22,6694,21448
2023-07-27 13:08:59,21,22,6944,21698
2023-07-27 13:09:00,21,22,7194,21948
2023-07-27 13:09:01,21,22,7444,22198
2023-07-27 13:09:05,21,23,7443,22199
2023-07-27 13:09:11,22,23,7443,22199
2023-07-27 13:09:14,22,24,7443,22400
2023-07-27 13:09:19,23,24,7443,22400
2023-07-27 13:09:23,23,27,7443,22401
2023-07-27 13:09:24,23,26,7443,22401
2023-07-27 13:09:25,23,25,7443,22401
2023-07-27 13:09:30,24,25,7443,22401
2023-07-27 13:09:38,25,27,7441,22403
2023-07-27 13:09:47,23,27,7441,22403
2023-07-27 13:09:47,24,27,7441,22403
2023-07-27 13:09:47,25,27,7441,22403
2023-07-27 13:10:04,25,26,7441,22403
2023-07-27 13:10:05,25,27,7441,22403
2023-07-27 13:10:06,25,26,7441,22403
2023-07-27 13:10:07,25,27,7441,22403
2023-07-27 13:10:13,25,28,7441,22403
2023-07-27 13:10:13,26,28,7441,22403
2023-07-27 13:10:20,26,27,7441,22403
2023-07-27 13:10:27,25,27,7441,22403
2023-07-27 13:10:44,25,26,7441,22403
2023-07-27 13:10:48,24,26,7441,22403
2023-07-27 13:10:50,24,27,7441,22403
2023-07-27 13:10:55,25,27,7441,22403
2023-07-27 13:10:56,25,28,7441,22403
2023-07-27 13:10:57,25,27,7441,22403
2023-07-27 13:11:01,25,28,7441,22403
2023-07-27 13:11:02,26,28,7441,22403
2023-07-27 13:11:08,26,27,7441,22403
2023-07-27 13:11:09,25,26,7441,22404
2023-07-27 13:11:10,24,25,7441,22405
2023-07-27 13:11:15,24,26,7441,22405
2023-07-27 13:11:15,24,25,7441,22405
2023-07-27 13:11:15,25,26,7441,22504
2023-07-27 13:11:15,25,26,7441,22603
2023-07-27 13:11:16,25,27,7441,22603
2023-07-27 13:11:16,25,26,7441,22603
2023-07-27 13:11:16,25,27,7441,22603
2023-07-27 13:11:25,26,27,7441,22603
2023-07-27 13:11:27,25,27,7441,22603
2023-07-27 13:11:27,26,27,7441,22603
2023-07-27 13:11:47,25,27,7441,22603
2023-07-27 13:11:49,26,27,7441,22603
2023-07-27 13:11:51,27,28,7441,22604
2023-07-27 13:12:08,27,28,7441,22654
2023-07-27 13:12:43,26,28,7441,22654
2023-07-27 13:12:49,26,27,7441,22654
2023-07-27 13:13:07,25,26,7441,22655
2023-07-27 13:14:39,25,27,7441,22664
2023-07-27 13:15:11,24,27,7435,22671
2023-07-27 13:15:11,24,26,7435,22671
2023-07-27 13:15:16,23,26,7435,22671
2023-07-27 13:15:18,23,25,7435,22671
2023-07-27 13:15:20,23,26,7435,22671
2023-07-27 13:15:26,24,26,7435,22671
2023-07-27 13:15:28,23,26,7435,22671
2023-07-27 13:15:49,23,25,7435,22671
2023-07-27 13:15:57,21,25,7435,22671
2023-07-27 13:16:02,21,24,7435,22671
2023-07-27 13:16:04,21,23,7435,22671
2023-07-27 13:16:13,21,22,7435,22671
2023-07-27 13:16:14,19,20,7437,22673
2023-07-27 13:16:15,19,20,7437,22674
2023-07-27 13:16:16,18,20,7437,22674
2023-07-27 13:16:19,18,19,7437,22674
2023-07-27 13:16:24,18,20,7437,22674
2023-07-27 13:16:30,18,19,7437,22674
2023-07-27 13:16:33,17,18,7437,22675
2023-07-27 13:16:36,17,19,7437,22675
2023-07-27 13:16:44,17,18,7437,22675
2023-07-27 13:16:58,16,17,7438,22676
2023-07-27 13:17:01,15,17,7438,22827
2023-07-27 13:17:07,15,17,7638,23027
2023-07-27 13:17:07,15,17,7682,23071
2023-07-27 13:17:08,15,17,7882,23271
2023-07-27 13:17:08,15,16,7882,23271
2023-07-27 13:17:08,14,16,7882,23328
2023-07-27 13:17:08,14,15,7882,23328
2023-07-27 13:17:13,13,14,7883,23329
2023-07-27 13:17:21,12,14,7883,23330
2023-07-27 13:17:21,12,14,8004,23451
2023-07-27 13:17:21,12,13,8004,23451
2023-07-27 13:17:22,11,13,8004,23581
2023-07-27 13:17:35,11,13,8104,23681
2023-07-27 13:17:43,12,13,8104,23681
2023-07-27 13:17:46,12,14,8104,23681
2023-07-27 13:17:49,13,14,8104,23681
2023-07-27 13:18:09,12,14,7904,23881
2023-07-27 13:18:10,13,14,7904,23881
2023-07-27 13:18:41,14,15,7903,23882
2023-07-27 13:18:46,15,16,7900,23942
2023-07-27 13:18:49,14,16,7900,23942
2023-07-27 13:18:53,16,17,7899,23943
2023-07-27 13:18:55,15,17,7708,24142
2023-07-27 13:18:57,15,18,7708,24142
2023-07-27 13:18:58,14,18,7608,24243
2023-07-27 13:19:07,15,18,7608,24243
2023-07-27 13:19:19,14,18,7608,24276
2023-07-27 13:19:25,15,18,7608,24276
2023-07-27 13:19:33,14,18,7608,24276
2023-07-27 13:19:37,14,16,7608,24276
2023-07-27 13:19:38,14,15,7608,24276
2023-07-27 13:19:41,13,14,7608,24277
2023-07-27 13:19:50,12,14,7608,24277
2023-07-27 13:19:50,11,14,7608,24277
2023-07-27 13:19:56,11,13,7608,24277
2023-07-27 13:20:01,11,12,7608,24277
2023-07-27 13:20:03,10,11,7608,24278
2023-07-27 13:20:04,9,10,7803,24479
2023-07-27 13:20:04,8,10,7854,24530
2023-07-27 13:20:06,8,9,7854,24530
2023-07-27 13:20:34,8,9,7953,24629
2023-07-27 13:20:41,7,9,7953,24629
2023-07-27 13:20:45,8,9,7953,24629
2023-07-27 13:20:51,7,9,7953,24629
2023-07-27 13:21:26,8,9,7953,24629
2023-07-27 13:21:26,8,11,8453,25131
2023-07-27 13:21:27,9,11,8453,25131
2023-07-27 13:21:29,8,11,8258,25331
2023-07-27 13:22:04,9,11,8258,25331
2023-07-27 13:22:06,10,11,8258,25331
2023-07-27 13:22:12,9,11,8258,25331
2023-07-27 13:22:26,8,11,8258,25331
2023-07-27 13:22:27,9,11,8258,25331
2023-07-27 13:22:51,9,12,8258,25334
2023-07-27 13:23:10,10,12,8258,25334
2023-07-27 13:23:12,10,13,8258,25334
2023-07-27 13:23:35,11,13,8258,25334
2023-07-27 13:23:43,11,14,8258,25334
2023-07-27 13:24:01,11,13,8258,25334
2023-07-27 13:24:26,11,12,8258,25334
2023-07-27 13:24:27,11,13,8258,25334
2023-07-27 13:24:38,11,12,8258,25334
2023-07-27 13:24:47,11,13,8258,25334
2023-07-27 13:24:53,11,12,8258,25334
2023-07-27 13:25:01,10,11,8258,25335
2023-07-27 13:25:09,9,10,8258,25336
2023-07-27 13:25:10,9,11,8258,25336
2023-07-27 13:25:36,9,10,8258,25336
2023-07-27 13:25:46,9,10,8258,25836
2023-07-27 13:25:49,9,10,8508,26086
2023-07-27 13:25:50,9,11,8758,26336
2023-07-27 13:26:30,9,10,8758,26336
2023-07-27 13:26:40,9,11,8758,26336
2023-07-27 13:26:43,8,11,8758,26336
2023-07-27 13:27:02,8,10,8758,26336
2023-07-27 13:27:25,8,11,8758,26336
2023-07-27 13:27:45,8,10,8758,26336
2023-07-27 13:28:54,8,9,8758,26336
2023-07-27 13:29:02,8,9,8756,26338
2023-07-27 13:29:11,7,8,8756,26339
2023-07-27 13:29:14,7,9,8756,26339
2023-07-27 13:29:15,7,8,8756,26339
2023-07-27 13:29:19,7,9,8756,26339
2023-07-27 13:29:21,7,8,8756,26339
2023-07-27 13:30:46,6,7,8757,26340
2023-07-27 13:32:55,6,8,9245,27339
2023-07-27 13:34:10,6,9,9492,27587
2023-07-27 13:34:10,7,9,9492,27587
2023-07-27 13:34:34,7,8,9492,27587
2023-07-27 13:34:57,6,7,9493,27588
2023-07-27 13:35:19,6,8,9493,27588
2023-07-27 13:35:28,7,8,9493,27588
2023-07-27 13:35:28,6,8,9493,27637
2023-07-27 13:35:59,6,7,9493,27637
2023-07-27 13:36:28,6,8,9493,27637
2023-07-27 13:36:30,6,7,9493,27637
2023-07-27 13:36:33,6,8,9493,27637
2023-07-27 13:36:38,6,7,9493,27637
2023-07-27 13:38:36,5,6,9494,27638
2023-07-27 13:38:38,5,6,9494,27643
2023-07-27 13:40:29,5,7,9494,27643
2023-07-27 13:41:14,5,8,9494,27643
2023-07-27 13:41:59,6,8,9494,27643
2023-07-27 13:42:12,5,8,9494,27643
2023-07-27 13:42:18,6,8,9494,27643
2023-07-27 13:42:28,5,8,9494,27643
2023-07-27 13:43:14,6,8,9494,27643
2023-07-27 13:43:14,5,8,9744,27893
2023-07-27 13:43:14,5,7,9744,27893
2023-07-27 13:43:21,5,7,9745,27898
2023-07-27 13:43:56,5,6,9745,27898
2023-07-27 13:44:03,4,6,9745,27898
2023-07-27 13:44:42,5,6,9745,27898
2023-07-27 13:44:43,4,6,9745,27898
2023-07-27 13:44:44,5,6,9745,27898
2023-07-27 13:44:46,4,6,9745,27898
2023-07-27 13:44:47,5,6,9745,27898
2023-07-27 13:44:53,4,6,9745,27898
2023-07-27 13:44:57,5,6,9745,27898
2023-07-27 13:44:57,5,8,9745,27898
2023-07-27 13:44:57,5,7,9745,27898
2023-07-27 13:44:58,4,7,9745,27898
2023-07-27 13:45:03,4,8,9745,27898
2023-07-27 13:45:03,4,6,9745,27898
2023-07-27 13:45:20,5,6,9745,27898
2023-07-27 13:45:22,4,6,9745,27898
2023-07-27 13:45:46,4,7,9745,27898
2023-07-27 13:45:46,4,5,9745,27898
2023-07-27 13:45:56,4,6,9745,28148
2023-07-27 13:46:37,4,5,9745,28148
2023-07-27 13:46:39,4,5,9845,28248
2023-07-27 13:46:48,4,6,9845,28248
2023-07-27 13:47:21,4,5,9845,28248
2023-07-27 13:47:22,4,5,9905,28308
2023-07-27 13:47:58,4,5,9963,28366
2023-07-27 13:47:59,4,6,9963,28366
2023-07-27 13:48:50,4,7,9963,28366
2023-07-27 13:48:58,4,6,9963,28366
2023-07-27 13:49:22,4,7,9963,28366
2023-07-27 13:49:49,4,6,9963,28366
2023-07-27 13:53:31,4,5,9963,28366
2023-07-27 13:56:08,4,5,9964,28370
2023-07-27 13:58:23,4,5,10054,28461
2023-07-27 13:59:26,3,5,10055,28662
2023-07-27 14:00:53,3,5,10055,28666
2023-07-27 14:03:48,3,6,10055,28666
2023-07-27 14:04:21,3,5,10055,28666
2023-07-27 14:04:22,3,6,10055,28666
2023-07-27 14:04:23,3,5,10055,28666
2023-07-27 14:04:38,3,6,10055,28666
2023-07-27 14:04:40,3,5,10055,28666
2023-07-27 14:06:03,3,4,10055,28666
2023-07-27 14:06:42,2,4,10056,28667
2023-07-27 14:06:49,2,3,10056,28667
2023-07-27 14:09:00,2,3,10056,28761
2023-07-27 14:09:02,2,3,10123,28866
2023-07-27 14:09:13,1,3,10123,28866
2023-07-27 14:10:26,1,2,10123,28866
2023-07-27 14:14:04,1,2,10079,28910
2023-07-27 14:15:04,0,2,10080,28911
2023-07-27 14:32:20,0,1,10080,28911
2023-07-27 14:47:50,0,1,10085,28922
