datetime,bid,ask,open_interest,volume
2023-11-14 09:30:15,5,98,118,121
2023-11-14 09:31:00,28,98,118,121
2023-11-14 09:31:00,28,33,118,121
2023-11-14 09:31:00,29,33,118,121
2023-11-14 09:31:00,29,32,118,121
2023-11-14 09:31:01,28,32,118,121
2023-11-14 09:31:01,29,31,118,121
2023-11-14 09:31:02,30,31,118,121
2023-11-14 09:31:05,30,33,118,121
2023-11-14 09:31:07,30,32,118,121
2023-11-14 09:31:08,30,33,118,121
2023-11-14 09:31:20,30,32,118,121
2023-11-14 09:31:24,30,33,118,121
2023-11-14 09:31:29,30,32,118,121
2023-11-14 09:31:38,31,32,118,121
2023-11-14 09:32:05,31,33,118,121
2023-11-14 09:32:06,31,32,118,121
2023-11-14 09:32:07,31,33,118,121
2023-11-14 09:32:35,31,34,118,121
2023-11-14 09:32:38,32,34,118,121
2023-11-14 09:32:53,32,35,1118,1121
2023-11-14 09:32:54,33,35,1118,1121
2023-11-14 09:32:58,32,35,1118,1121
2023-11-14 09:33:05,32,34,1118,1121
2023-11-14 09:33:18,32,34,1177,1181
2023-11-14 09:33:31,32,33,1177,1181
2023-11-14 09:33:37,32,33,1227,1231
2023-11-14 09:33:38,32,33,1287,1291
2023-11-14 09:33:39,31,32,1387,1391
2023-11-14 09:33:40,30,32,1387,1391
2023-11-14 09:34:01,31,32,1387,1391
2023-11-14 09:34:23,30,33,1387,1391
2023-11-14 09:34:25,31,33,1387,1391
2023-11-14 09:34:26,30,33,1387,1391
2023-11-14 09:34:29,31,33,1387,1391
2023-11-14 09:34:31,31,34,1387,1391
2023-11-14 09:34:32,32,34,1387,1391
2023-11-14 09:34:32,32,34,1387,1511
2023-11-14 09:34:33,31,34,1387,1511
2023-11-14 09:34:33,32,34,1387,1511
2023-11-14 09:34:51,32,34,1387,1601
2023-11-14 09:34:52,33,34,1387,1601
2023-11-14 09:34:55,32,34,1387,1601
2023-11-14 09:34:56,33,34,1387,1601
2023-11-14 09:35:08,33,35,1387,1601
2023-11-14 09:35:31,34,35,1387,1601
2023-11-14 09:35:38,34,36,1387,1601
2023-11-14 09:36:18,34,35,1387,1601
2023-11-14 09:36:18,34,35,1387,1661
2023-11-14 09:36:19,33,35,1387,1661
2023-11-14 09:36:20,32,35,1387,1661
2023-11-14 09:36:25,31,35,1387,1661
2023-11-14 09:36:25,31,34,1387,1661
2023-11-14 09:36:27,31,33,1387,1661
2023-11-14 09:36:30,32,33,1387,1661
2023-11-14 09:36:38,31,33,1387,1661
2023-11-14 09:37:06,32,33,1387,1661
2023-11-14 09:37:07,31,33,1387,1661
2023-11-14 09:37:10,32,33,1387,1661
2023-11-14 09:37:12,32,33,1387,1721
2023-11-14 09:37:19,32,34,1387,1721
2023-11-14 09:37:22,32,35,1387,1721
2023-11-14 09:37:23,33,35,1387,1721
2023-11-14 09:37:24,32,35,1387,1721
2023-11-14 09:37:28,33,35,1387,1721
2023-11-14 09:37:31,32,35,1387,1721
2023-11-14 09:37:36,33,35,1387,1721
2023-11-14 09:37:37,32,35,1387,1721
2023-11-14 09:37:41,33,35,1387,1721
2023-11-14 09:37:47,32,35,1387,1721
2023-11-14 09:37:52,33,35,1387,1721
2023-11-14 09:38:05,32,35,1387,1721
2023-11-14 09:38:06,33,35,1387,1721
2023-11-14 09:38:07,32,35,1387,1721
2023-11-14 09:38:11,33,35,1387,1721
2023-11-14 09:39:11,34,35,1387,1721
2023-11-14 09:39:15,34,36,1387,1721
2023-11-14 09:39:24,34,36,1655,1989
2023-11-14 09:39:25,35,36,1655,1989
2023-11-14 09:40:04,34,36,1655,1989
2023-11-14 09:41:27,34,36,1655,2049
2023-11-14 09:42:45,35,36,1655,2049
2023-11-14 09:42:45,34,36,1808,2202
2023-11-14 09:42:45,35,36,1808,2202
2023-11-14 09:42:50,35,36,1869,2263
2023-11-14 09:43:07,35,37,1869,2263
2023-11-14 09:43:07,36,37,1869,2263
2023-11-14 09:43:07,36,37,1929,2323
2023-11-14 09:44:07,35,37,1929,2323
2023-11-14 09:44:14,36,37,1929,2323
2023-11-14 09:44:21,35,37,1929,2323
2023-11-14 09:44:21,36,37,1929,2323
2023-11-14 09:44:22,36,37,2049,2443
2023-11-14 09:44:22,35,37,2049,2443
2023-11-14 09:44:25,36,37,2049,2443
2023-11-14 09:44:33,35,37,2049,2443
2023-11-14 09:44:33,36,37,2049,2443
2023-11-14 09:44:42,35,37,2049,2443
2023-11-14 09:44:42,36,37,2049,2443
2023-11-14 09:45:19,36,38,2049,2443
2023-11-14 09:45:19,37,38,2049,2443
2023-11-14 09:45:39,37,38,2208,2602
2023-11-14 09:45:42,36,38,2208,2602
2023-11-14 09:45:42,37,38,2208,2602
2023-11-14 09:46:43,37,38,2308,2702
2023-11-14 09:46:45,36,38,2308,2702
2023-11-14 09:46:46,37,38,2308,2702
2023-11-14 09:46:51,36,38,2308,2702
2023-11-14 09:46:53,37,38,2308,2702
2023-11-14 09:48:00,36,38,2308,2702
2023-11-14 09:48:00,37,38,2308,2702
2023-11-14 09:48:01,37,38,2368,2762
2023-11-14 09:48:30,36,38,2368,2762
2023-11-14 09:48:58,37,38,2368,2762
2023-11-14 09:49:52,36,38,2368,2762
2023-11-14 09:50:01,36,38,2368,3228
2023-11-14 09:50:02,37,38,2368,3228
2023-11-14 09:50:45,37,39,2368,3228
2023-11-14 09:50:57,38,39,2368,3228
2023-11-14 09:50:59,38,39,2368,3288
2023-11-14 09:51:48,38,39,2368,3318
2023-11-14 09:52:26,38,40,2368,3318
2023-11-14 09:52:27,38,39,2368,3318
2023-11-14 09:52:27,38,40,2368,3318
2023-11-14 09:52:27,39,40,2368,3318
2023-11-14 09:52:27,38,39,2360,3326
2023-11-14 09:52:28,38,40,2360,3326
2023-11-14 09:52:37,38,39,2360,3326
2023-11-14 09:52:48,38,40,2360,3326
2023-11-14 09:52:53,39,40,2360,3326
2023-11-14 09:53:59,39,41,2360,3326
2023-11-14 09:54:04,39,40,2360,3326
2023-11-14 09:54:06,39,41,2360,3326
2023-11-14 09:54:06,39,40,2360,3326
2023-11-14 09:54:25,39,41,2360,3326
2023-11-14 09:55:20,40,41,2360,3326
2023-11-14 09:56:52,40,41,2360,3340
2023-11-14 09:57:41,40,41,2479,3459
2023-11-14 09:58:33,40,42,2479,3459
2023-11-14 09:58:36,40,41,2479,3459
2023-11-14 09:59:03,40,41,2279,3659
2023-11-14 09:59:27,41,42,2107,3831
2023-11-14 09:59:28,40,42,2107,3831
2023-11-14 09:59:35,41,42,2107,3831
2023-11-14 10:01:23,40,42,2107,3831
2023-11-14 10:01:23,40,41,2107,3831
2023-11-14 10:02:30,40,41,2107,3966
2023-11-14 10:02:39,39,41,2107,3971
2023-11-14 10:02:39,39,40,2107,3971
2023-11-14 10:02:59,39,40,2007,4071
2023-11-14 10:03:26,39,41,2007,4071
2023-11-14 10:03:26,39,40,2007,4071
2023-11-14 10:03:36,39,41,2007,4071
2023-11-14 10:03:36,39,40,2007,4071
2023-11-14 10:03:48,39,40,2007,4198
2023-11-14 10:03:50,39,40,2007,4361
2023-11-14 10:03:51,39,41,2007,4361
2023-11-14 10:03:51,39,40,2007,4361
2023-11-14 10:03:56,38,40,2007,4361
2023-11-14 10:03:56,38,39,2007,4361
2023-11-14 10:04:04,38,40,2007,4361
2023-11-14 10:04:27,38,39,2007,4361
2023-11-14 10:04:58,38,39,2007,4534
2023-11-14 10:05:07,38,40,2007,4534
2023-11-14 10:05:07,38,39,2007,4534
2023-11-14 10:06:05,38,40,2007,4534
2023-11-14 10:06:06,38,39,2007,4534
2023-11-14 10:06:31,38,40,2007,4534
2023-11-14 10:06:31,38,39,2007,4534
2023-11-14 10:07:03,38,40,2007,4534
2023-11-14 10:07:14,38,39,2007,4534
2023-11-14 10:07:16,38,40,2007,4534
2023-11-14 10:07:16,38,39,2007,4534
2023-11-14 10:07:44,38,40,2007,4534
2023-11-14 10:07:45,39,40,2007,4534
2023-11-14 10:07:47,39,41,2007,4534
2023-11-14 10:07:47,39,40,2007,4534
2023-11-14 10:08:21,39,41,2007,4993
2023-11-14 10:08:21,39,40,2007,4993
2023-11-14 10:08:42,39,41,2007,4993
2023-11-14 10:08:42,39,40,2007,4993
2023-11-14 10:09:11,39,41,2007,4993
2023-11-14 10:09:21,39,40,2007,4993
2023-11-14 10:09:21,39,41,2007,4993
2023-11-14 10:09:22,39,40,2007,4993
2023-11-14 10:09:51,39,41,2007,4993
2023-11-14 10:10:54,39,40,2007,4993
2023-11-14 10:11:15,39,41,2007,4993
2023-11-14 10:11:16,39,40,2007,4993
2023-11-14 10:11:30,39,41,2007,4993
2023-11-14 10:11:30,39,40,2007,4993
2023-11-14 10:12:16,39,41,2007,4993
2023-11-14 10:12:16,39,40,2007,4993
2023-11-14 10:12:41,39,41,2007,4993
2023-11-14 10:12:41,39,40,2007,4993
2023-11-14 10:12:56,39,41,2007,4993
2023-11-14 10:12:57,39,40,2007,4993
2023-11-14 10:12:58,39,41,2007,4993
2023-11-14 10:13:11,39,40,2007,4993
2023-11-14 10:13:14,39,41,2007,4993
2023-11-14 10:13:14,39,40,2007,4993
2023-11-14 10:13:14,39,41,2007,4993
2023-11-14 10:13:25,39,40,2007,4993
2023-11-14 10:14:59,39,41,2107,5093
2023-11-14 10:14:59,40,41,2107,5093
2023-11-14 10:18:48,40,42,2107,5093
2023-11-14 10:19:13,41,42,2107,5093
2023-11-14 10:19:14,40,42,2107,5093
2023-11-14 10:19:20,41,42,2107,5093
2023-11-14 10:19:22,40,42,2107,5093
2023-11-14 10:19:31,41,42,2107,5093
2023-11-14 10:19:33,40,42,2107,5093
2023-11-14 10:19:33,41,42,2107,5093
2023-11-14 10:19:35,40,42,2107,5093
2023-11-14 10:19:36,41,42,2107,5093
2023-11-14 10:19:40,40,42,2107,5093
2023-11-14 10:19:41,41,42,2107,5093
2023-11-14 10:19:43,40,42,2107,5093
2023-11-14 10:19:44,41,42,2107,5093
2023-11-14 10:19:51,40,42,2107,5093
2023-11-14 10:19:51,41,42,2107,5093
2023-11-14 10:20:10,40,42,2107,5093
2023-11-14 10:20:10,41,42,2107,5093
2023-11-14 10:20:42,41,43,2107,5093
2023-11-14 10:20:48,42,43,2107,5093
2023-11-14 10:21:06,41,43,2107,5093
2023-11-14 10:21:06,42,43,2107,5093
2023-11-14 10:21:29,41,43,2107,5093
2023-11-14 10:21:30,42,43,2107,5093
2023-11-14 10:21:49,41,43,2107,5093
2023-11-14 10:21:55,42,43,2107,5093
2023-11-14 10:21:58,41,43,2107,5093
2023-11-14 10:22:37,41,42,2107,5093
2023-11-14 10:22:58,41,43,2107,5093
2023-11-14 10:22:58,41,42,2107,5093
2023-11-14 10:23:05,41,43,2107,5093
2023-11-14 10:23:06,41,42,2107,5093
2023-11-14 10:23:07,41,43,2107,5093
2023-11-14 10:23:26,41,42,2107,5093
2023-11-14 10:23:29,41,43,2107,5093
2023-11-14 10:23:30,41,42,2107,5093
2023-11-14 10:23:31,41,43,2107,5093
2023-11-14 10:23:31,41,42,2107,5093
2023-11-14 10:23:32,41,43,2107,5093
2023-11-14 10:23:33,41,42,2107,5093
2023-11-14 10:23:41,41,43,2107,5093
2023-11-14 10:23:41,41,42,2107,5093
2023-11-14 10:24:11,41,43,2107,5093
2023-11-14 10:24:34,41,42,2107,5093
2023-11-14 10:24:40,41,43,2107,5093
2023-11-14 10:25:23,42,43,2107,5093
2023-11-14 10:25:30,41,43,2107,5093
2023-11-14 10:25:30,42,43,2107,5093
2023-11-14 10:25:44,41,43,2107,5093
2023-11-14 10:25:45,42,43,2107,5093
2023-11-14 10:27:00,41,43,2107,5093
2023-11-14 10:27:07,41,42,2107,5093
2023-11-14 10:27:11,41,43,2107,5093
2023-11-14 10:27:11,41,42,2107,5093
2023-11-14 10:27:13,41,43,2107,5093
2023-11-14 10:27:35,41,42,2107,5093
2023-11-14 10:28:04,40,42,2107,5093
2023-11-14 10:28:04,40,41,2107,5093
2023-11-14 10:28:26,40,42,2107,5093
2023-11-14 10:28:26,40,41,2107,5093
2023-11-14 10:28:54,40,42,2107,5093
2023-11-14 10:28:55,40,41,2107,5093
2023-11-14 10:29:12,41,42,2063,5260
2023-11-14 10:29:13,40,42,2063,5260
2023-11-14 10:29:28,40,41,2063,5260
2023-11-14 10:29:29,40,42,2063,5260
2023-11-14 10:29:29,40,41,2063,5260
2023-11-14 10:29:32,40,42,2063,5260
2023-11-14 10:29:32,40,41,2063,5260
2023-11-14 10:29:50,39,41,2063,5260
2023-11-14 10:29:54,40,41,2063,5260
2023-11-14 10:29:57,39,41,2063,5260
2023-11-14 10:30:00,39,40,2063,5260
2023-11-14 10:30:18,40,41,2063,5438
2023-11-14 10:30:19,39,41,2063,5438
2023-11-14 10:30:20,40,41,2063,5438
2023-11-14 10:30:22,39,41,2063,5438
2023-11-14 10:30:22,39,42,2063,5438
2023-11-14 10:30:22,39,41,2063,5438
2023-11-14 10:30:22,39,40,2063,5438
2023-11-14 10:30:22,39,41,2063,5438
2023-11-14 10:30:22,39,40,2063,5438
2023-11-14 10:30:47,39,40,2132,5638
2023-11-14 10:30:48,39,41,2132,5638
2023-11-14 10:30:49,39,40,2132,5638
2023-11-14 10:30:50,39,41,2132,5638
2023-11-14 10:30:52,40,41,2132,5638
2023-11-14 10:30:52,39,41,2332,5838
2023-11-14 10:30:57,39,40,2332,5838
2023-11-14 10:31:03,39,41,2332,5838
2023-11-14 10:31:21,39,40,2332,5838
2023-11-14 10:32:07,38,40,2532,6038
2023-11-14 10:32:08,38,39,2532,6038
2023-11-14 10:32:13,38,40,2532,6038
2023-11-14 10:32:14,38,39,2532,6038
2023-11-14 10:32:35,38,40,2532,6038
2023-11-14 10:32:44,38,39,2532,6038
2023-11-14 10:32:47,38,40,2532,6038
2023-11-14 10:33:04,38,39,2532,6038
2023-11-14 10:33:14,38,40,2532,6038
2023-11-14 10:33:15,38,39,2532,6038
2023-11-14 10:33:30,38,40,2532,6038
2023-11-14 10:33:30,38,39,2532,6038
2023-11-14 10:33:58,38,40,2532,6038
2023-11-14 10:33:58,38,39,2532,6038
2023-11-14 10:34:25,38,39,2646,6152
2023-11-14 10:34:30,37,39,2646,6152
2023-11-14 10:34:30,37,38,2646,6152
2023-11-14 10:35:14,37,38,2784,6290
2023-11-14 10:35:21,37,38,2824,6330
2023-11-14 10:35:23,36,38,2846,6352
2023-11-14 10:35:23,36,37,2846,6352
2023-11-14 10:35:24,36,38,2846,6352
2023-11-14 10:35:25,36,37,2846,6352
2023-11-14 10:35:26,36,38,2846,6352
2023-11-14 10:35:43,37,38,2846,6352
2023-11-14 10:35:44,37,39,2846,6352
2023-11-14 10:35:47,36,39,2846,6352
2023-11-14 10:35:47,36,38,2846,6352
2023-11-14 10:35:53,36,39,2846,6352
2023-11-14 10:35:57,37,39,2846,6352
2023-11-14 10:35:59,37,38,2846,6352
2023-11-14 10:36:02,37,39,2846,6352
2023-11-14 10:36:02,37,38,2846,6352
2023-11-14 10:36:05,36,38,2846,6352
2023-11-14 10:36:12,37,38,2846,6352
2023-11-14 10:36:17,37,39,2846,6352
2023-11-14 10:36:45,37,40,2846,6352
2023-11-14 10:36:45,37,39,2846,6352
2023-11-14 10:36:47,38,39,2846,6352
2023-11-14 10:36:52,38,40,2846,6352
2023-11-14 10:36:52,38,39,2846,6352
2023-11-14 10:36:54,38,40,2846,6352
2023-11-14 10:36:54,38,39,2846,6352
2023-11-14 10:37:02,38,40,2846,6352
2023-11-14 10:37:02,38,39,2846,6352
2023-11-14 10:37:06,37,39,2846,6352
2023-11-14 10:37:10,37,38,2846,6352
2023-11-14 10:37:14,37,39,2846,6352
2023-11-14 10:37:26,37,38,2846,6352
2023-11-14 10:37:26,37,39,2846,6352
2023-11-14 10:37:27,37,38,2846,6352
2023-11-14 10:37:31,37,39,2846,6352
2023-11-14 10:37:31,37,38,2846,6352
2023-11-14 10:37:34,36,38,2846,6352
2023-11-14 10:37:56,36,37,2846,6352
2023-11-14 10:38:08,36,38,2846,6352
2023-11-14 10:38:13,36,37,2846,6352
2023-11-14 10:38:15,36,38,2846,6352
2023-11-14 10:38:17,36,37,2846,6352
2023-11-14 10:38:25,36,38,2846,6352
2023-11-14 10:38:28,36,37,2846,6352
2023-11-14 10:38:31,36,38,2846,6352
2023-11-14 10:38:31,36,37,2846,6352
2023-11-14 10:38:33,36,38,2846,6352
2023-11-14 10:38:34,37,38,2846,6352
2023-11-14 10:38:34,37,38,2946,6452
2023-11-14 10:38:35,36,38,2946,6452
2023-11-14 10:38:46,36,37,2946,6452
2023-11-14 10:38:50,36,38,2946,6452
2023-11-14 10:38:56,36,37,2946,6452
2023-11-14 10:39:04,36,38,2946,6452
2023-11-14 10:39:06,37,38,2946,6452
2023-11-14 10:39:18,37,39,2946,6452
2023-11-14 10:39:18,37,38,2946,6452
2023-11-14 10:39:33,37,39,2946,6452
2023-11-14 10:39:37,37,38,2946,6452
2023-11-14 10:39:38,37,39,2946,6452
2023-11-14 10:39:39,37,38,2946,6452
2023-11-14 10:41:04,36,38,2976,6482
2023-11-14 10:41:04,36,38,3006,6512
2023-11-14 10:41:04,36,37,3006,6512
2023-11-14 10:41:19,36,38,3006,6512
2023-11-14 10:41:26,36,37,3006,6512
2023-11-14 10:41:34,36,38,3006,6512
2023-11-14 10:41:36,36,37,3006,6512
2023-11-14 10:41:40,36,38,3006,6512
2023-11-14 10:41:41,36,37,3006,6512
2023-11-14 10:41:49,36,38,3006,6512
2023-11-14 10:41:49,36,37,3006,6512
2023-11-14 10:41:51,36,38,3006,6512
2023-11-14 10:41:51,36,37,3006,6512
2023-11-14 10:42:16,36,38,3006,6512
2023-11-14 10:42:16,36,37,3006,6512
2023-11-14 10:42:19,36,37,3168,6674
2023-11-14 10:42:30,36,38,3168,6674
2023-11-14 10:42:33,37,38,3168,6674
2023-11-14 10:42:33,36,38,3338,6844
2023-11-14 10:42:34,36,39,3338,6844
2023-11-14 10:42:41,37,39,3338,6844
2023-11-14 10:43:19,37,40,3338,6844
2023-11-14 10:43:19,38,40,3338,6844
2023-11-14 10:43:24,37,40,3338,6844
2023-11-14 10:43:26,38,40,3338,6844
2023-11-14 10:43:31,37,40,3338,6844
2023-11-14 10:43:38,38,40,3338,6844
2023-11-14 10:43:50,38,39,3338,6844
2023-11-14 10:43:50,37,39,3338,6844
2023-11-14 10:43:51,37,40,3338,6844
2023-11-14 10:43:52,38,40,3338,6844
2023-11-14 10:43:53,37,40,3338,6844
2023-11-14 10:43:58,37,39,3338,6844
2023-11-14 10:43:59,37,40,3338,6844
2023-11-14 10:44:01,37,39,3338,6844
2023-11-14 10:44:02,37,40,3338,6844
2023-11-14 10:44:02,37,39,3338,6844
2023-11-14 10:44:03,37,40,3338,6844
2023-11-14 10:44:09,37,39,3338,6844
2023-11-14 10:44:55,36,39,3338,6844
2023-11-14 10:45:00,36,38,3338,6844
2023-11-14 10:45:24,36,37,3338,6844
2023-11-14 10:45:25,36,38,3338,6844
2023-11-14 10:45:26,36,37,3338,6844
2023-11-14 10:45:29,36,38,3338,6844
2023-11-14 10:45:29,36,37,3338,6844
2023-11-14 10:45:29,36,37,3398,6904
2023-11-14 10:45:35,35,37,3398,6904
2023-11-14 10:45:43,35,36,3398,6904
2023-11-14 10:45:50,34,36,3398,6904
2023-11-14 10:46:07,35,36,3398,6904
2023-11-14 10:46:10,35,37,3398,6904
2023-11-14 10:46:50,35,36,3398,6904
2023-11-14 10:46:57,35,37,3398,6904
2023-11-14 10:46:57,35,36,3398,6904
2023-11-14 10:47:01,35,37,3398,6904
2023-11-14 10:47:02,35,36,3398,6904
2023-11-14 10:47:08,35,37,3398,6904
2023-11-14 10:47:13,35,36,3398,6904
2023-11-14 10:47:16,35,37,3398,6904
2023-11-14 10:47:17,35,36,3398,6904
2023-11-14 10:47:36,35,36,3539,7045
2023-11-14 10:48:02,35,36,3554,7060
2023-11-14 10:48:16,35,36,3554,7260
2023-11-14 10:48:17,34,36,3613,7319
2023-11-14 10:48:17,34,35,3613,7319
2023-11-14 10:48:23,34,36,3613,7319
2023-11-14 10:48:23,34,35,3613,7319
2023-11-14 10:48:31,34,36,3613,7319
2023-11-14 10:48:40,34,37,3613,7319
2023-11-14 10:48:46,35,37,3613,7319
2023-11-14 10:48:48,35,38,3613,7319
2023-11-14 10:48:52,35,37,3613,7319
2023-11-14 10:49:00,35,38,3613,7319
2023-11-14 10:49:10,35,37,3613,7319
2023-11-14 10:49:25,35,38,3613,7319
2023-11-14 10:49:29,35,37,3613,7319
2023-11-14 10:49:30,35,38,3613,7319
2023-11-14 10:49:31,36,38,3613,7319
2023-11-14 10:49:32,35,38,3613,7319
2023-11-14 10:49:33,36,38,3613,7319
2023-11-14 10:49:34,35,38,3613,7319
2023-11-14 10:49:35,36,38,3613,7319
2023-11-14 10:49:41,36,39,3613,7319
2023-11-14 10:49:46,36,38,3613,7319
2023-11-14 10:50:12,36,39,3613,7319
2023-11-14 10:50:21,36,38,3613,7319
2023-11-14 10:50:23,36,39,3613,7319
2023-11-14 10:50:24,36,38,3613,7319
2023-11-14 10:50:25,36,39,3613,7319
2023-11-14 10:50:26,36,38,3613,7319
2023-11-14 10:50:45,36,39,3613,7319
2023-11-14 10:50:45,36,38,3613,7319
2023-11-14 10:50:46,36,39,3613,7319
2023-11-14 10:50:46,37,39,3613,7319
2023-11-14 10:50:50,37,39,3613,7419
2023-11-14 10:51:47,37,40,3613,7419
2023-11-14 10:51:57,38,40,3613,7419
2023-11-14 10:52:03,38,39,3613,7419
2023-11-14 10:52:05,38,40,3613,7419
2023-11-14 10:52:28,38,39,3613,7419
2023-11-14 10:52:33,38,40,3613,7419
2023-11-14 10:52:33,38,39,3613,7419
2023-11-14 10:52:35,38,40,3613,7419
2023-11-14 10:52:43,38,39,3613,7419
2023-11-14 10:52:47,38,40,3613,7419
2023-11-14 10:52:54,38,39,3613,7419
2023-11-14 10:52:55,38,40,3613,7419
2023-11-14 10:53:11,38,39,3613,7419
2023-11-14 10:53:17,38,40,3613,7419
2023-11-14 10:53:17,38,39,3613,7419
2023-11-14 10:53:25,38,40,3613,7419
2023-11-14 10:53:39,38,39,3613,7419
2023-11-14 10:53:42,37,39,3613,7419
2023-11-14 10:53:54,38,39,3613,7419
2023-11-14 10:53:54,38,40,3613,7419
2023-11-14 10:53:59,38,39,3613,7419
2023-11-14 10:54:03,38,40,3613,7419
2023-11-14 10:54:07,38,41,3613,7419
2023-11-14 10:54:19,38,40,3613,7419
2023-11-14 10:54:37,38,39,3613,7419
2023-11-14 10:54:39,38,40,3613,7419
2023-11-14 10:54:39,38,39,3613,7419
2023-11-14 10:54:45,37,39,3613,7419
2023-11-14 10:54:56,37,40,3613,7419
2023-11-14 10:54:56,37,39,3613,7419
2023-11-14 10:55:06,37,40,3613,7419
2023-11-14 10:55:06,37,39,3613,7419
2023-11-14 10:55:06,37,40,3613,7419
2023-11-14 10:55:09,38,40,3613,7419
2023-11-14 10:55:12,38,41,3613,7419
2023-11-14 10:55:13,38,40,3613,7419
2023-11-14 10:55:19,37,40,3613,7419
2023-11-14 10:55:22,38,40,3613,7419
2023-11-14 10:55:24,37,40,3613,7419
2023-11-14 10:55:29,37,39,3613,7419
2023-11-14 10:55:31,37,40,3613,7419
2023-11-14 10:55:39,38,40,3613,7419
2023-11-14 10:55:41,37,40,3613,7419
2023-11-14 10:55:43,37,39,3613,7419
2023-11-14 10:55:54,37,40,3613,7419
2023-11-14 10:55:54,37,39,3613,7419
2023-11-14 10:55:58,38,39,3613,7419
2023-11-14 10:55:58,38,40,3613,7419
2023-11-14 10:56:05,39,40,3613,7419
2023-11-14 10:56:05,39,41,3613,7419
2023-11-14 10:56:25,39,40,3613,7419
2023-11-14 10:56:36,39,41,3613,7419
2023-11-14 10:57:12,40,41,3613,7419
2023-11-14 10:57:45,40,42,3613,7419
2023-11-14 10:57:47,41,42,3613,7419
2023-11-14 10:58:17,40,42,3613,7419
2023-11-14 10:58:35,41,42,3613,7419
2023-11-14 10:58:49,41,43,3613,7419
2023-11-14 10:59:11,41,42,3613,7419
2023-11-14 10:59:21,41,43,3613,7419
2023-11-14 10:59:26,41,42,3613,7419
2023-11-14 10:59:41,40,42,3613,7419
2023-11-14 10:59:50,40,41,3613,7419
2023-11-14 10:59:51,40,42,3613,7419
2023-11-14 10:59:58,40,41,3613,7419
2023-11-14 11:00:00,40,42,3613,7419
2023-11-14 11:00:00,40,41,3613,7419
2023-11-14 11:00:07,39,41,3613,7419
2023-11-14 11:00:07,39,42,3613,7419
2023-11-14 11:00:07,39,40,3613,7419
2023-11-14 11:00:12,39,41,3613,7419
2023-11-14 11:00:16,39,40,3613,7419
2023-11-14 11:00:18,39,40,3708,7514
2023-11-14 11:00:19,38,40,3708,7514
2023-11-14 11:00:33,38,41,3708,7514
2023-11-14 11:00:44,39,41,3708,7514
2023-11-14 11:00:51,39,42,3708,7514
2023-11-14 11:00:52,39,41,3708,7514
2023-11-14 11:00:56,38,41,3708,7514
2023-11-14 11:00:56,38,40,3708,7514
2023-11-14 11:00:58,38,39,3708,7514
2023-11-14 11:01:01,38,39,3908,7714
2023-11-14 11:01:01,38,40,3908,7714
2023-11-14 11:01:01,38,39,3908,7714
2023-11-14 11:01:06,38,41,3908,7714
2023-11-14 11:01:07,38,40,3908,7714
2023-11-14 11:01:07,38,39,3908,7714
2023-11-14 11:01:16,38,40,3908,7714
2023-11-14 11:01:16,38,39,3908,7714
2023-11-14 11:01:28,38,40,3908,7714
2023-11-14 11:01:28,38,39,3908,7714
2023-11-14 11:01:36,38,40,3908,7714
2023-11-14 11:01:37,38,39,3908,7714
2023-11-14 11:01:40,38,40,3908,7714
2023-11-14 11:01:43,38,41,3908,7714
2023-11-14 11:01:44,38,40,3908,7714
2023-11-14 11:01:49,38,39,3908,7714
2023-11-14 11:01:50,38,40,3908,7714
2023-11-14 11:01:50,38,39,3908,7714
2023-11-14 11:01:54,38,40,3908,7714
2023-11-14 11:01:57,38,39,3908,7714
2023-11-14 11:02:24,38,40,3908,7714
2023-11-14 11:02:24,38,39,3908,7714
2023-11-14 11:02:25,38,40,3908,7714
2023-11-14 11:02:25,38,39,3908,7714
2023-11-14 11:02:46,38,40,3908,7714
2023-11-14 11:02:46,38,39,3908,7714
2023-11-14 11:02:52,38,40,3908,7714
2023-11-14 11:02:52,38,39,3908,7714
2023-11-14 11:02:54,38,40,3908,7714
2023-11-14 11:02:55,38,39,3908,7714
2023-11-14 11:03:00,38,40,3908,7714
2023-11-14 11:03:00,38,39,3908,7714
2023-11-14 11:03:32,38,40,3908,7714
2023-11-14 11:03:32,38,39,3908,7714
2023-11-14 11:03:34,38,40,3908,7714
2023-11-14 11:03:35,38,39,3908,7714
2023-11-14 11:03:51,38,40,3908,7714
2023-11-14 11:03:51,38,39,3908,7714
2023-11-14 11:04:08,37,39,3908,7714
2023-11-14 11:04:08,37,38,3908,7714
2023-11-14 11:04:30,37,39,3908,7714
2023-11-14 11:04:30,37,38,3908,7714
2023-11-14 11:04:46,37,39,3908,7714
2023-11-14 11:04:46,37,38,3908,7714
2023-11-14 11:04:51,37,39,3908,7714
2023-11-14 11:04:51,37,38,3908,7714
2023-11-14 11:05:07,37,39,3908,7714
2023-11-14 11:05:07,37,38,3908,7714
2023-11-14 11:05:13,37,39,3908,7714
2023-11-14 11:05:18,37,40,3908,7714
2023-11-14 11:05:35,37,39,3908,7714
2023-11-14 11:05:42,37,40,3908,7714
2023-11-14 11:05:43,37,39,3908,7714
2023-11-14 11:06:07,37,38,3908,7714
2023-11-14 11:06:21,37,39,3908,7714
2023-11-14 11:06:21,37,38,3908,7714
2023-11-14 11:06:28,37,39,3908,7714
2023-11-14 11:06:30,37,40,3908,7714
2023-11-14 11:06:30,37,39,3908,7714
2023-11-14 11:06:31,37,40,3908,7714
2023-11-14 11:06:51,38,40,3908,7714
2023-11-14 11:06:52,38,41,3908,7714
2023-11-14 11:07:02,38,40,3908,7714
2023-11-14 11:07:09,37,40,3908,7714
2023-11-14 11:07:12,38,40,3908,7714
2023-11-14 11:07:19,37,40,3908,7714
2023-11-14 11:07:24,37,39,3908,7714
2023-11-14 11:07:43,37,38,3908,7714
2023-11-14 11:07:43,37,39,3908,7714
2023-11-14 11:07:44,37,38,3908,7714
2023-11-14 11:07:45,37,39,3908,7714
2023-11-14 11:07:47,37,40,3908,7714
2023-11-14 11:07:47,37,39,3908,7714
2023-11-14 11:07:51,37,40,3908,7714
2023-11-14 11:07:51,37,39,3908,7714
2023-11-14 11:07:56,37,40,3908,7714
2023-11-14 11:07:56,37,39,3908,7714
2023-11-14 11:08:00,37,38,3908,7714
2023-11-14 11:08:31,37,39,3908,7714
2023-11-14 11:08:32,37,38,3908,7714
2023-11-14 11:08:32,37,39,3908,7714
2023-11-14 11:08:33,37,38,3908,7714
2023-11-14 11:08:52,37,39,3908,7714
2023-11-14 11:08:52,37,39,3908,7714
2023-11-14 11:08:52,37,39,3908,7714
2023-11-14 11:08:52,37,38,3908,7714
2023-11-14 11:08:57,37,39,3908,7714
2023-11-14 11:09:00,38,39,3908,7714
2023-11-14 11:09:00,38,40,3908,7714
2023-11-14 11:09:00,38,39,3908,7714
2023-11-14 11:09:01,37,39,3908,7714
2023-11-14 11:09:08,37,38,3908,7714
2023-11-14 11:10:03,37,39,3908,7714
2023-11-14 11:10:09,37,38,3908,7714
2023-11-14 11:10:10,37,39,3908,7714
2023-11-14 11:10:12,37,38,3908,7714
2023-11-14 11:10:17,37,39,3908,7714
2023-11-14 11:10:18,37,38,3908,7714
2023-11-14 11:10:32,37,39,3908,7714
2023-11-14 11:10:32,37,38,3908,7714
2023-11-14 11:10:36,37,39,3908,7714
2023-11-14 11:10:36,37,38,3908,7714
2023-11-14 11:10:44,36,38,3908,7714
2023-11-14 11:10:44,36,38,4042,7848
2023-11-14 11:10:55,36,37,4042,7848
2023-11-14 11:10:58,35,37,4042,7848
2023-11-14 11:11:07,35,36,4042,7848
2023-11-14 11:11:17,35,36,4174,7980
2023-11-14 11:11:26,34,36,4174,7980
2023-11-14 11:11:26,34,35,4174,7980
2023-11-14 11:11:28,34,36,4174,7980
2023-11-14 11:11:29,34,35,4174,7980
2023-11-14 11:11:31,34,35,4374,8180
2023-11-14 11:11:35,33,35,4374,8180
2023-11-14 11:11:51,33,34,4374,8180
2023-11-14 11:12:04,33,35,4374,8180
2023-11-14 11:12:14,33,34,4374,8180
2023-11-14 11:12:15,32,34,4374,8180
2023-11-14 11:12:46,32,33,4374,8180
2023-11-14 11:12:59,31,33,4374,8180
2023-11-14 11:12:59,32,33,4374,8180
2023-11-14 11:12:59,31,33,4374,8180
2023-11-14 11:13:24,31,32,4374,8180
2023-11-14 11:13:24,30,32,4374,8180
2023-11-14 11:13:44,30,33,4574,8380
2023-11-14 11:13:48,31,33,4574,8380
2023-11-14 11:14:22,31,32,4574,8380
2023-11-14 11:14:26,30,32,4574,8380
2023-11-14 11:14:31,30,31,4574,8380
2023-11-14 11:14:50,29,31,4574,8380
2023-11-14 11:14:51,29,32,4574,8380
2023-11-14 11:14:53,29,31,4574,8380
2023-11-14 11:15:16,30,31,4574,8380
2023-11-14 11:15:19,30,32,4574,8380
2023-11-14 11:15:31,30,33,4574,8380
2023-11-14 11:15:35,30,32,4574,8380
2023-11-14 11:16:02,31,32,4574,8380
2023-11-14 11:16:03,30,32,4574,8380
2023-11-14 11:16:08,29,32,4574,8380
2023-11-14 11:16:09,30,32,4574,8380
2023-11-14 11:16:10,29,32,4574,8380
2023-11-14 11:16:12,30,32,4574,8380
2023-11-14 11:16:13,29,32,4574,8380
2023-11-14 11:16:16,30,32,4574,8380
2023-11-14 11:16:20,29,32,4574,8380
2023-11-14 11:16:29,29,31,4574,8380
2023-11-14 11:16:31,30,31,4574,8380
2023-11-14 11:16:31,30,32,4574,8380
2023-11-14 11:16:47,30,33,4574,8380
2023-11-14 11:16:49,31,33,4574,8380
2023-11-14 11:16:50,30,33,4574,8380
2023-11-14 11:16:52,30,32,4574,8380
2023-11-14 11:17:02,29,32,4574,8380
2023-11-14 11:17:06,29,31,4574,8380
2023-11-14 11:17:06,29,30,4574,8380
2023-11-14 11:17:13,29,32,4574,8380
2023-11-14 11:17:20,30,32,4574,8380
2023-11-14 11:17:24,30,33,4574,8380
2023-11-14 11:17:31,31,33,4574,8380
2023-11-14 11:17:35,30,33,4574,8380
2023-11-14 11:17:40,31,33,4574,8380
2023-11-14 11:17:50,32,33,4574,8380
2023-11-14 11:17:51,31,33,4574,8380
2023-11-14 11:17:51,32,33,4574,8380
2023-11-14 11:17:52,31,33,4574,8380
2023-11-14 11:17:58,32,33,4574,8380
2023-11-14 11:17:59,32,33,4574,8390
2023-11-14 11:18:09,31,33,4574,8390
2023-11-14 11:18:09,32,33,4574,8390
2023-11-14 11:18:11,31,33,4574,8390
2023-11-14 11:18:19,32,33,4574,8390
2023-11-14 11:18:20,31,33,4574,8390
2023-11-14 11:18:21,32,33,4574,8390
2023-11-14 11:18:22,31,33,4574,8390
2023-11-14 11:18:29,30,33,4574,8390
2023-11-14 11:18:34,31,33,4574,8390
2023-11-14 11:18:45,31,34,4574,8390
2023-11-14 11:18:45,32,34,4574,8390
2023-11-14 11:18:50,32,35,4574,8390
2023-11-14 11:18:52,33,35,4574,8390
2023-11-14 11:19:13,33,36,4574,8390
2023-11-14 11:19:19,34,36,4574,8390
2023-11-14 11:19:25,34,37,4574,8390
2023-11-14 11:19:43,35,37,4574,8390
2023-11-14 11:19:46,34,37,4574,8390
2023-11-14 11:19:55,35,37,4574,8390
2023-11-14 11:19:58,35,38,4574,8390
2023-11-14 11:20:16,35,39,4574,8390
2023-11-14 11:20:19,36,39,4574,8390
2023-11-14 11:20:20,35,39,4574,8390
2023-11-14 11:20:20,36,39,4574,8390
2023-11-14 11:20:21,36,38,4574,8390
2023-11-14 11:20:29,36,39,4574,8390
2023-11-14 11:20:29,37,39,4574,8390
2023-11-14 11:20:30,37,38,4574,8390
2023-11-14 11:20:31,36,38,4574,8390
2023-11-14 11:20:36,35,38,4574,8390
2023-11-14 11:20:36,36,38,4574,8390
2023-11-14 11:20:41,36,39,4574,8390
2023-11-14 11:20:41,35,39,4574,8390
2023-11-14 11:20:41,36,39,4574,8390
2023-11-14 11:20:42,36,38,4574,8390
2023-11-14 11:20:51,36,39,4574,8390
2023-11-14 11:20:51,35,39,4574,8390
2023-11-14 11:20:51,35,38,4574,8390
2023-11-14 11:20:51,36,38,4574,8390
2023-11-14 11:20:57,35,38,4574,8390
2023-11-14 11:21:09,36,38,4574,8390
2023-11-14 11:21:13,36,39,4574,8390
2023-11-14 11:21:35,37,39,4574,8390
2023-11-14 11:21:49,36,39,4574,8390
2023-11-14 11:21:50,36,38,4574,8390
2023-11-14 11:22:04,36,39,4574,8390
2023-11-14 11:22:06,37,39,4574,8390
2023-11-14 11:22:11,36,39,4574,8390
2023-11-14 11:22:16,37,39,4574,8390
2023-11-14 11:22:19,36,39,4574,8390
2023-11-14 11:22:21,37,39,4574,8390
2023-11-14 11:22:22,36,39,4574,8390
2023-11-14 11:22:24,37,39,4574,8390
2023-11-14 11:22:49,38,39,4574,8390
2023-11-14 11:22:51,37,39,4574,8390
2023-11-14 11:22:51,38,39,4574,8390
2023-11-14 11:22:53,37,39,4574,8390
2023-11-14 11:22:57,38,39,4574,8390
2023-11-14 11:23:09,37,39,4574,8390
2023-11-14 11:23:09,38,39,4574,8390
2023-11-14 11:23:27,37,39,4574,8390
2023-11-14 11:23:29,38,39,4574,8390
2023-11-14 11:23:31,37,39,4574,8390
2023-11-14 11:23:31,38,39,4574,8390
2023-11-14 11:23:59,37,39,4574,8390
2023-11-14 11:23:59,38,39,4574,8390
2023-11-14 11:23:59,38,39,4374,8590
2023-11-14 11:24:00,37,39,4374,8590
2023-11-14 11:24:01,38,39,4374,8590
2023-11-14 11:24:07,37,39,4374,8590
2023-11-14 11:24:18,36,39,4374,8590
2023-11-14 11:24:33,36,38,4374,8590
2023-11-14 11:25:10,36,39,4374,8590
2023-11-14 11:25:11,36,38,4374,8590
2023-11-14 11:25:41,36,37,4374,8590
2023-11-14 11:25:46,35,37,4374,8590
2023-11-14 11:26:05,36,37,4374,8590
2023-11-14 11:26:06,36,38,4374,8590
2023-11-14 11:26:10,35,38,4374,8590
2023-11-14 11:26:11,36,38,4374,8590
2023-11-14 11:26:16,36,39,4374,8590
2023-11-14 11:26:45,36,38,4374,8590
2023-11-14 11:26:47,36,39,4374,8590
2023-11-14 11:26:57,36,38,4374,8590
2023-11-14 11:27:01,35,38,4374,8590
2023-11-14 11:27:07,36,38,4374,8590
2023-11-14 11:27:11,36,39,4374,8590
2023-11-14 11:27:11,36,38,4374,8590
2023-11-14 11:27:57,36,39,4374,8590
2023-11-14 11:28:01,36,38,4374,8590
2023-11-14 11:28:12,36,39,4374,8590
2023-11-14 11:28:12,36,38,4374,8590
2023-11-14 11:28:28,36,39,4374,8590
2023-11-14 11:28:28,36,38,4374,8590
2023-11-14 11:28:35,36,37,4374,8590
2023-11-14 11:28:38,36,38,4374,8590
2023-11-14 11:28:38,36,37,4374,8590
2023-11-14 11:28:52,35,37,4374,8590
2023-11-14 11:29:05,35,36,4374,8590
2023-11-14 11:29:09,35,37,4374,8590
2023-11-14 11:29:10,35,36,4374,8590
2023-11-14 11:29:15,34,36,4374,8590
2023-11-14 11:29:30,34,37,4374,8590
2023-11-14 11:29:30,34,36,4374,8590
2023-11-14 11:29:43,34,35,4374,8590
2023-11-14 11:29:47,34,36,4374,8590
2023-11-14 11:30:19,34,37,4374,8590
2023-11-14 11:30:29,35,37,4374,8590
2023-11-14 11:30:46,34,37,4374,8590
2023-11-14 11:30:50,35,37,4374,8590
2023-11-14 11:31:00,34,37,4374,8590
2023-11-14 11:31:02,35,37,4374,8590
2023-11-14 11:31:12,34,37,4374,8590
2023-11-14 11:31:13,34,36,4374,8590
2023-11-14 11:31:48,34,37,4374,8590
2023-11-14 11:31:50,35,37,4374,8590
2023-11-14 11:32:02,34,37,4374,8590
2023-11-14 11:32:11,35,37,4374,8590
2023-11-14 11:32:32,35,38,4374,8590
2023-11-14 11:32:35,36,38,4374,8590
2023-11-14 11:32:36,35,38,4374,8590
2023-11-14 11:32:36,36,38,4374,8590
2023-11-14 11:32:40,35,38,4374,8590
2023-11-14 11:32:44,36,38,4374,8590
2023-11-14 11:32:46,36,39,4374,8590
2023-11-14 11:32:57,36,38,4374,8590
2023-11-14 11:32:57,36,39,4374,8590
2023-11-14 11:32:58,36,38,4374,8590
2023-11-14 11:33:05,36,39,4374,8590
2023-11-14 11:33:05,36,38,4374,8590
2023-11-14 11:33:06,36,39,4374,8590
2023-11-14 11:33:08,37,39,4374,8590
2023-11-14 11:33:12,36,39,4374,8590
2023-11-14 11:33:13,36,38,4374,8590
2023-11-14 11:34:00,36,39,4374,8590
2023-11-14 11:34:00,36,38,4374,8590
2023-11-14 11:34:23,36,37,4374,8590
2023-11-14 11:34:23,35,37,4374,8590
2023-11-14 11:34:29,35,38,4374,8590
2023-11-14 11:34:37,36,38,4374,8590
2023-11-14 11:34:38,35,38,4374,8590
2023-11-14 11:34:39,36,38,4374,8590
2023-11-14 11:34:51,36,37,4374,8590
2023-11-14 11:34:51,35,37,4374,8590
2023-11-14 11:35:38,35,36,4374,8590
2023-11-14 11:35:40,35,37,4374,8590
2023-11-14 11:35:53,35,36,4374,8590
2023-11-14 11:36:04,35,37,4374,8590
2023-11-14 11:36:05,35,36,4374,8590
2023-11-14 11:36:09,34,36,4374,8590
2023-11-14 11:36:21,34,37,4374,8590
2023-11-14 11:36:40,35,37,4374,8590
2023-11-14 11:36:42,34,37,4374,8590
2023-11-14 11:36:42,35,37,4374,8590
2023-11-14 11:36:58,35,38,4374,8590
2023-11-14 11:37:11,36,38,4374,8590
2023-11-14 11:37:17,35,38,4374,8590
2023-11-14 11:37:17,36,38,4374,8590
2023-11-14 11:37:18,36,39,4374,8590
2023-11-14 11:37:21,36,38,4374,8590
2023-11-14 11:37:33,36,39,4374,8590
2023-11-14 11:37:40,37,39,4374,8590
2023-11-14 11:37:41,37,38,4374,8590
2023-11-14 11:37:41,36,38,4374,8590
2023-11-14 11:38:10,36,39,4374,8590
2023-11-14 11:38:23,37,39,4374,8590
2023-11-14 11:38:33,37,40,4374,8590
2023-11-14 11:38:45,37,39,4374,8590
2023-11-14 11:38:46,37,40,4374,8590
2023-11-14 11:38:47,37,39,4374,8590
2023-11-14 11:39:16,37,40,4374,8590
2023-11-14 11:39:27,38,40,4374,8590
2023-11-14 11:39:29,37,40,4374,8590
2023-11-14 11:39:38,38,40,4374,8590
2023-11-14 11:40:25,38,39,4374,8590
2023-11-14 11:40:38,38,40,4374,8590
2023-11-14 11:41:01,38,39,4374,8590
2023-11-14 11:41:08,38,40,4374,8590
2023-11-14 11:42:35,38,39,4374,8590
2023-11-14 11:42:36,38,40,4374,8590
2023-11-14 11:42:36,38,39,4374,8590
2023-11-14 11:42:50,38,39,4574,9190
2023-11-14 11:42:57,37,39,4574,9190
2023-11-14 11:43:02,37,38,4574,9190
2023-11-14 11:43:06,37,39,4574,9190
2023-11-14 11:43:10,37,38,4574,9190
2023-11-14 11:43:14,36,38,4574,9190
2023-11-14 11:43:19,37,38,4574,9190
2023-11-14 11:43:20,37,39,4574,9190
2023-11-14 11:43:23,37,38,4574,9190
2023-11-14 11:43:25,36,38,4574,9190
2023-11-14 11:43:29,36,39,4574,9190
2023-11-14 11:43:30,36,38,4574,9190
2023-11-14 11:43:34,36,39,4574,9190
2023-11-14 11:43:34,36,38,4574,9190
2023-11-14 11:43:39,36,39,4574,9190
2023-11-14 11:43:39,36,38,4574,9190
2023-11-14 11:43:40,37,38,4574,9190
2023-11-14 11:43:41,37,39,4574,9190
2023-11-14 11:43:46,37,40,4574,9190
2023-11-14 11:43:46,37,39,4574,9190
2023-11-14 11:44:03,37,38,4574,9190
2023-11-14 11:44:05,36,38,4574,9190
2023-11-14 11:44:14,36,39,4574,9190
2023-11-14 11:44:15,36,38,4574,9190
2023-11-14 11:44:21,36,39,4574,9190
2023-11-14 11:44:21,36,38,4574,9190
2023-11-14 11:44:39,36,37,4574,9190
2023-11-14 11:44:41,36,38,4574,9190
2023-11-14 11:44:45,36,37,4574,9190
2023-11-14 11:44:53,36,38,4574,9190
2023-11-14 11:44:56,36,37,4574,9190
2023-11-14 11:44:58,36,38,4574,9190
2023-11-14 11:44:59,36,37,4574,9190
2023-11-14 11:44:59,36,38,4574,9190
2023-11-14 11:45:00,36,37,4574,9190
2023-11-14 11:45:04,36,38,4574,9190
2023-11-14 11:45:08,36,37,4574,9190
2023-11-14 11:45:10,36,38,4574,9190
2023-11-14 11:45:16,36,37,4574,9190
2023-11-14 11:45:17,35,37,4574,9190
2023-11-14 11:45:17,36,37,4574,9190
2023-11-14 11:45:17,35,37,4574,9190
2023-11-14 11:45:28,34,37,4574,9190
2023-11-14 11:45:28,34,36,4574,9190
2023-11-14 11:45:30,34,37,4574,9190
2023-11-14 11:45:37,35,37,4574,9190
2023-11-14 11:45:40,34,37,4574,9190
2023-11-14 11:45:40,35,37,4574,9190
2023-11-14 11:45:45,34,37,4574,9190
2023-11-14 11:45:46,35,37,4574,9190
2023-11-14 11:45:48,34,37,4574,9190
2023-11-14 11:45:49,34,36,4574,9190
2023-11-14 11:46:01,34,37,4574,9190
2023-11-14 11:46:14,34,36,4574,9190
2023-11-14 11:46:15,34,37,4574,9190
2023-11-14 11:46:25,34,36,4574,9190
2023-11-14 11:46:25,34,37,4574,9190
2023-11-14 11:46:26,35,37,4574,9190
2023-11-14 11:46:27,34,37,4574,9190
2023-11-14 11:46:31,34,36,4574,9190
2023-11-14 11:46:36,34,37,4574,9190
2023-11-14 11:46:36,34,36,4574,9190
2023-11-14 11:46:41,34,37,4574,9190
2023-11-14 11:46:41,34,36,4574,9190
2023-11-14 11:46:51,33,36,4574,9190
2023-11-14 11:46:59,33,35,4574,9190
2023-11-14 11:47:05,33,36,4574,9190
2023-11-14 11:47:07,33,35,4574,9190
2023-11-14 11:47:10,33,36,4574,9190
2023-11-14 11:47:10,33,35,4574,9190
2023-11-14 11:47:11,33,36,4574,9190
2023-11-14 11:47:12,34,36,4574,9190
2023-11-14 11:47:12,34,36,4574,9190
2023-11-14 11:47:18,34,37,4574,9190
2023-11-14 11:47:31,34,38,4574,9190
2023-11-14 11:47:34,34,37,4574,9190
2023-11-14 11:47:42,35,37,4574,9190
2023-11-14 11:47:51,35,36,4574,9190
2023-11-14 11:47:51,34,36,4574,9190
2023-11-14 11:48:01,33,36,4574,9190
2023-11-14 11:48:13,34,36,4574,9190
2023-11-14 11:48:26,33,36,4574,9190
2023-11-14 11:48:26,34,36,4574,9190
2023-11-14 11:48:30,33,36,4574,9190
2023-11-14 11:48:30,34,36,4574,9190
2023-11-14 11:48:37,34,37,4574,9190
2023-11-14 11:48:37,34,36,4574,9190
2023-11-14 11:48:46,34,37,4574,9190
2023-11-14 11:48:54,35,37,4574,9190
2023-11-14 11:48:54,35,38,4574,9190
2023-11-14 11:48:56,35,37,4574,9190
2023-11-14 11:48:57,35,38,4574,9190
2023-11-14 11:49:03,34,38,4574,9190
2023-11-14 11:49:03,34,37,4574,9190
2023-11-14 11:49:08,35,37,4574,9190
2023-11-14 11:49:10,35,38,4574,9190
2023-11-14 11:49:13,35,39,4574,9190
2023-11-14 11:49:13,35,38,4574,9190
2023-11-14 11:49:15,35,39,4574,9190
2023-11-14 11:49:22,38,39,4574,9190
2023-11-14 11:49:22,38,40,4574,9190
2023-11-14 11:49:23,38,41,4574,9190
2023-11-14 11:49:24,38,42,4574,9190
2023-11-14 11:49:24,39,42,4574,9190
2023-11-14 11:49:24,40,42,4574,9190
2023-11-14 11:49:38,40,43,4574,9190
2023-11-14 11:49:42,41,43,4574,9190
2023-11-14 11:49:47,42,43,4574,9190
2023-11-14 11:49:50,41,43,4574,9190
2023-11-14 11:49:57,40,43,4574,9190
2023-11-14 11:50:18,41,43,4574,9190
2023-11-14 11:50:42,42,43,4574,9190
2023-11-14 11:50:49,41,43,4574,9190
2023-11-14 11:50:50,42,43,4574,9190
2023-11-14 11:50:55,42,44,4574,9190
2023-11-14 11:50:56,43,44,4574,9190
2023-11-14 11:50:57,42,44,4574,9190
2023-11-14 11:50:58,43,44,4574,9190
2023-11-14 11:51:00,42,44,4574,9190
2023-11-14 11:51:02,43,44,4574,9190
2023-11-14 11:51:08,43,45,4574,9190
2023-11-14 11:51:24,44,45,4574,9190
2023-11-14 11:51:25,44,46,4574,9190
2023-11-14 11:51:34,45,46,4574,9190
2023-11-14 11:51:35,45,47,4574,9190
2023-11-14 11:51:38,45,48,4574,9190
2023-11-14 11:51:38,46,48,4574,9190
2023-11-14 11:51:40,47,48,4574,9190
2023-11-14 11:51:41,47,49,4574,9190
2023-11-14 11:52:02,48,49,4574,9190
2023-11-14 11:52:05,48,49,4374,9390
2023-11-14 11:52:05,48,49,4374,9510
2023-11-14 11:52:05,47,49,4374,9510
2023-11-14 11:52:05,46,49,4374,9510
2023-11-14 11:52:05,47,49,4374,9510
2023-11-14 11:52:05,47,48,4374,9510
2023-11-14 11:52:06,46,48,4374,9510
2023-11-14 11:52:18,45,48,4374,9510
2023-11-14 11:52:18,45,47,4374,9510
2023-11-14 11:52:24,45,48,4374,9510
2023-11-14 11:52:26,45,47,4374,9510
2023-11-14 11:52:48,45,46,4374,9510
2023-11-14 11:53:03,45,47,4374,9510
2023-11-14 11:53:34,45,46,4374,9510
2023-11-14 11:53:38,45,47,4374,9510
2023-11-14 11:53:39,45,46,4374,9510
2023-11-14 11:53:45,45,47,4374,9510
2023-11-14 11:53:46,45,46,4374,9510
2023-11-14 11:53:47,45,47,4374,9510
2023-11-14 11:53:49,45,46,4374,9510
2023-11-14 11:53:50,45,47,4374,9510
2023-11-14 11:53:57,45,46,4374,9510
2023-11-14 11:53:59,45,47,4374,9510
2023-11-14 11:54:00,45,46,4374,9510
2023-11-14 11:54:01,45,47,4374,9510
2023-11-14 11:54:04,45,46,4374,9510
2023-11-14 11:54:05,45,47,4374,9510
2023-11-14 11:54:20,45,46,4374,9510
2023-11-14 11:54:20,45,47,4374,9510
2023-11-14 11:54:26,45,46,4374,9510
2023-11-14 11:54:27,45,47,4374,9510
2023-11-14 11:54:29,45,46,4374,9510
2023-11-14 11:54:49,45,47,4374,9510
2023-11-14 11:54:49,45,46,4374,9510
2023-11-14 11:55:02,45,47,4374,9510
2023-11-14 11:55:03,45,46,4374,9510
2023-11-14 11:55:04,45,47,4374,9510
2023-11-14 11:55:16,45,48,4374,9510
2023-11-14 11:55:16,45,47,4374,9510
2023-11-14 11:56:00,45,48,4374,9510
2023-11-14 11:56:00,45,47,4374,9510
2023-11-14 11:56:07,45,48,4374,9510
2023-11-14 11:56:10,45,49,4374,9510
2023-11-14 11:56:11,46,49,4374,9510
2023-11-14 11:56:33,47,49,4374,9510
2023-11-14 11:56:49,48,49,4374,9510
2023-11-14 11:56:58,48,50,4374,9510
2023-11-14 11:57:07,49,50,4374,9510
2023-11-14 11:57:07,49,50,4374,9610
2023-11-14 11:57:07,48,50,4374,9610
2023-11-14 11:57:08,49,50,4374,9610
2023-11-14 11:57:09,48,50,4374,9610
2023-11-14 11:57:09,49,50,4374,9610
2023-11-14 11:57:16,49,51,4374,9610
2023-11-14 11:57:20,50,51,4374,9610
2023-11-14 11:57:26,50,52,4374,9610
2023-11-14 11:57:30,50,51,4374,9610
2023-11-14 11:58:06,50,51,4374,9810
2023-11-14 11:59:17,50,51,4374,9910
2023-11-14 11:59:51,51,52,4374,10025
2023-11-14 11:59:59,50,52,4374,10025
2023-11-14 11:59:59,51,52,4374,10025
2023-11-14 12:00:08,51,53,4374,10025
2023-11-14 12:00:08,52,53,4374,10025
2023-11-14 12:00:19,51,53,4374,10025
2023-11-14 12:00:21,52,53,4374,10025
2023-11-14 12:01:06,51,53,4374,10025
2023-11-14 12:01:16,50,53,4374,10025
2023-11-14 12:01:19,51,53,4374,10025
2023-11-14 12:01:20,50,53,4374,10025
2023-11-14 12:01:20,51,53,4374,10025
2023-11-14 12:01:21,50,53,4374,10025
2023-11-14 12:01:24,50,52,4374,10025
2023-11-14 12:01:32,50,51,4374,10025
2023-11-14 12:01:37,49,51,4374,10025
2023-11-14 12:01:53,50,51,4374,10025
2023-11-14 12:01:53,49,51,4374,10025
2023-11-14 12:01:53,50,51,4374,10025
2023-11-14 12:02:00,49,51,4374,10025
2023-11-14 12:02:00,50,51,4374,10025
2023-11-14 12:02:08,50,52,4374,10025
2023-11-14 12:02:13,50,51,4374,10025
2023-11-14 12:02:23,49,50,4222,10177
2023-11-14 12:02:25,49,51,4222,10177
2023-11-14 12:02:42,50,51,4222,10177
2023-11-14 12:03:07,49,50,4222,10182
2023-11-14 12:03:13,48,50,4222,10182
2023-11-14 12:03:13,49,50,4222,10182
2023-11-14 12:03:16,48,50,4222,10182
2023-11-14 12:03:22,49,50,4222,10182
2023-11-14 12:03:24,49,51,4222,10182
2023-11-14 12:03:54,50,51,4222,10182
2023-11-14 12:04:02,49,51,4222,10182
2023-11-14 12:04:05,50,51,4222,10182
2023-11-14 12:04:20,49,51,4222,10182
2023-11-14 12:04:22,49,50,4222,10182
2023-11-14 12:04:24,48,50,4222,10182
2023-11-14 12:04:24,49,50,4222,10182
2023-11-14 12:04:27,48,50,4222,10182
2023-11-14 12:04:27,49,50,4222,10182
2023-11-14 12:04:30,49,51,4222,10182
2023-11-14 12:04:39,50,51,4222,10182
2023-11-14 12:04:50,50,52,4222,10182
2023-11-14 12:04:58,49,52,4222,10182
2023-11-14 12:04:58,50,52,4222,10182
2023-11-14 12:05:03,51,52,4222,10182
2023-11-14 12:05:21,50,52,4222,10182
2023-11-14 12:05:23,51,52,4222,10182
2023-11-14 12:05:23,50,52,4222,10182
2023-11-14 12:05:24,51,52,4222,10182
2023-11-14 12:05:39,50,52,4222,10182
2023-11-14 12:05:39,51,52,4222,10182
2023-11-14 12:05:40,51,53,4222,10182
2023-11-14 12:05:48,52,53,4222,10182
2023-11-14 12:05:51,51,53,4222,10182
2023-11-14 12:05:51,52,53,4222,10182
2023-11-14 12:06:00,51,53,4222,10182
2023-11-14 12:06:00,52,53,4222,10182
2023-11-14 12:06:12,51,53,4222,10182
2023-11-14 12:06:12,52,53,4222,10182
2023-11-14 12:06:27,51,53,4222,10182
2023-11-14 12:06:27,52,53,4222,10182
2023-11-14 12:06:49,51,53,4222,10182
2023-11-14 12:06:49,52,53,4222,10182
2023-11-14 12:06:55,51,53,4222,10182
2023-11-14 12:06:56,52,53,4222,10182
2023-11-14 12:07:21,51,53,4222,10182
2023-11-14 12:07:22,52,53,4222,10182
2023-11-14 12:07:51,52,54,4222,10182
2023-11-14 12:07:51,53,54,4222,10182
2023-11-14 12:07:52,52,54,4222,10182
2023-11-14 12:07:52,53,54,4222,10182
2023-11-14 12:08:11,52,54,4222,10182
2023-11-14 12:09:09,53,54,4222,10182
2023-11-14 12:09:11,52,54,4222,10182
2023-11-14 12:09:21,53,54,4222,10182
2023-11-14 12:09:21,52,54,4222,10182
2023-11-14 12:09:23,53,54,4222,10182
2023-11-14 12:09:35,52,54,4222,10182
2023-11-14 12:09:45,53,54,4222,10182
2023-11-14 12:09:48,52,54,4222,10182
2023-11-14 12:10:25,53,54,4222,10182
2023-11-14 12:10:40,52,54,4222,10182
2023-11-14 12:11:14,53,54,4222,10182
2023-11-14 12:12:27,52,54,4222,10182
2023-11-14 12:13:30,53,54,4222,10182
2023-11-14 12:14:18,52,54,4222,10182
2023-11-14 12:14:20,52,53,4222,10182
2023-11-14 12:14:28,52,54,4222,10182
2023-11-14 12:14:29,52,53,4222,10182
2023-11-14 12:14:29,52,54,4222,10182
2023-11-14 12:14:31,52,53,4222,10182
2023-11-14 12:14:40,52,54,4222,10182
2023-11-14 12:14:40,52,53,4222,10182
2023-11-14 12:14:58,52,54,4222,10182
2023-11-14 12:14:59,52,53,4222,10182
2023-11-14 12:15:06,52,54,4222,10182
2023-11-14 12:15:52,53,54,4222,10182
2023-11-14 12:16:45,52,54,4222,10182
2023-11-14 12:17:39,53,54,4222,10182
2023-11-14 12:17:41,52,54,4222,10182
2023-11-14 12:17:45,53,54,4222,10182
2023-11-14 12:18:00,52,54,4222,10182
2023-11-14 12:18:00,53,54,4222,10182
2023-11-14 12:19:26,52,54,4222,10182
2023-11-14 12:19:27,53,54,4222,10182
2023-11-14 12:31:35,52,54,4222,10182
2023-11-14 12:31:36,53,54,4222,10182
2023-11-14 12:31:37,52,54,4222,10182
2023-11-14 12:31:37,53,54,4222,10182
2023-11-14 12:31:48,52,54,4222,10182
2023-11-14 12:31:49,53,54,4222,10182
2023-11-14 12:31:57,52,54,4222,10182
2023-11-14 12:31:58,53,54,4222,10182
2023-11-14 12:32:05,52,54,4222,10182
2023-11-14 12:32:05,53,54,4222,10182
2023-11-14 12:32:07,52,54,4222,10182
2023-11-14 12:32:07,53,54,4222,10182
2023-11-14 12:32:24,53,54,4222,10282
2023-11-14 12:32:26,53,54,4222,10382
2023-11-14 12:32:27,53,54,4222,10582
2023-11-14 12:32:31,53,55,4222,10642
2023-11-14 12:32:31,54,55,4222,10642
2023-11-14 12:32:43,53,55,4222,10642
2023-11-14 12:32:43,54,55,4222,10642
2023-11-14 12:32:46,53,55,4222,10642
2023-11-14 12:32:46,54,55,4222,10642
2023-11-14 12:32:49,53,55,4222,10642
2023-11-14 12:32:49,54,55,4222,10642
2023-11-14 12:33:21,53,55,4222,10642
2023-11-14 12:33:23,53,54,4222,10642
2023-11-14 12:33:33,52,54,4222,10642
2023-11-14 12:33:33,53,54,4222,10642
2023-11-14 12:33:38,53,55,4222,10642
2023-11-14 12:33:38,54,55,4222,10642
2023-11-14 12:33:42,53,55,4222,10642
2023-11-14 12:33:42,52,55,4222,10642
2023-11-14 12:33:42,53,55,4222,10642
2023-11-14 12:33:42,54,55,4222,10642
2023-11-14 12:33:42,53,55,4222,10642
2023-11-14 12:33:42,54,55,4222,10642
2023-11-14 12:33:49,53,55,4222,10642
2023-11-14 12:33:49,52,55,4222,10642
2023-11-14 12:33:49,53,55,4222,10642
2023-11-14 12:33:49,54,55,4222,10642
2023-11-14 12:33:49,53,55,4222,10642
2023-11-14 12:33:49,54,55,4222,10642
2023-11-14 12:33:58,53,55,4222,10642
2023-11-14 12:33:58,54,55,4222,10642
2023-11-14 12:34:00,53,55,4222,10642
2023-11-14 12:34:00,54,55,4222,10642
2023-11-14 12:34:09,53,55,4222,10642
2023-11-14 12:34:09,54,55,4222,10642
2023-11-14 12:34:18,53,55,4222,10642
2023-11-14 12:34:19,54,55,4222,10642
2023-11-14 12:34:24,53,55,4222,10642
2023-11-14 12:34:24,54,55,4222,10642
2023-11-14 12:34:37,53,55,4222,10642
2023-11-14 12:35:00,54,55,4222,10642
2023-11-14 12:35:09,53,55,4222,10642
2023-11-14 12:35:11,54,55,4222,10642
2023-11-14 12:35:19,53,55,4222,10642
2023-11-14 12:35:36,54,55,4222,10642
2023-11-14 12:35:48,53,55,4222,10642
2023-11-14 12:35:49,54,55,4222,10642
2023-11-14 12:35:54,53,55,4222,10642
2023-11-14 12:35:55,54,55,4222,10642
2023-11-14 12:35:58,53,55,4222,10642
2023-11-14 12:35:59,54,55,4222,10642
2023-11-14 12:36:04,53,55,4222,10642
2023-11-14 12:36:04,54,55,4222,10642
2023-11-14 12:36:06,53,55,4222,10642
2023-11-14 12:36:06,54,55,4222,10642
2023-11-14 12:36:12,53,55,4222,10642
2023-11-14 12:36:12,54,55,4222,10642
2023-11-14 12:36:14,53,55,4222,10642
2023-11-14 12:36:14,54,55,4222,10642
2023-11-14 12:36:21,53,55,4222,10642
2023-11-14 12:36:22,54,55,4222,10642
2023-11-14 12:36:36,53,55,4222,10642
2023-11-14 12:36:36,54,55,4222,10642
2023-11-14 12:36:46,53,55,4222,10642
2023-11-14 12:36:47,54,55,4222,10642
2023-11-14 12:37:00,53,55,4222,10642
2023-11-14 12:37:16,54,55,4222,10642
2023-11-14 12:37:17,53,55,4222,10642
2023-11-14 12:37:17,54,55,4222,10642
2023-11-14 12:37:18,53,55,4222,10642
2023-11-14 12:37:20,54,55,4222,10642
2023-11-14 12:37:21,53,55,4222,10642
2023-11-14 12:37:22,54,55,4222,10642
2023-11-14 12:38:01,53,55,4222,10642
2023-11-14 12:38:01,54,55,4222,10642
2023-11-14 12:38:08,53,55,4222,10642
2023-11-14 12:38:10,54,55,4222,10642
2023-11-14 12:38:25,53,55,4222,10642
2023-11-14 12:38:36,52,55,4222,10642
2023-11-14 12:38:41,53,55,4222,10642
2023-11-14 12:38:58,54,55,4222,10642
2023-11-14 12:39:00,53,55,4222,10642
2023-11-14 12:39:01,54,55,4222,10642
2023-11-14 12:39:08,53,55,4222,10642
2023-11-14 12:39:09,54,55,4222,10642
2023-11-14 12:39:14,53,55,4222,10642
2023-11-14 12:39:14,54,55,4222,10642
2023-11-14 12:39:37,53,55,4222,10642
2023-11-14 12:39:37,54,55,4222,10642
2023-11-14 12:39:42,53,55,4222,10642
2023-11-14 12:39:45,53,54,4222,10642
2023-11-14 12:39:45,52,54,4222,10642
2023-11-14 12:39:50,53,54,4222,10642
2023-11-14 12:39:51,52,54,4222,10642
2023-11-14 12:39:52,53,54,4222,10642
2023-11-14 12:39:55,52,54,4222,10642
2023-11-14 12:39:55,53,54,4222,10642
2023-11-14 12:39:58,52,54,4222,10642
2023-11-14 12:40:05,53,54,4222,10642
2023-11-14 12:40:07,53,55,4222,10642
2023-11-14 12:40:28,52,55,4222,10642
2023-11-14 12:40:28,53,55,4222,10642
2023-11-14 12:40:52,54,55,4222,10642
2023-11-14 12:40:57,53,55,4222,10642
2023-11-14 12:40:59,54,55,4222,10642
2023-11-14 12:41:01,53,55,4222,10642
2023-11-14 12:41:01,54,55,4222,10642
2023-11-14 12:41:10,53,55,4222,10642
2023-11-14 12:41:10,54,55,4222,10642
2023-11-14 12:41:18,53,55,4222,10642
2023-11-14 12:41:18,54,55,4222,10642
2023-11-14 12:41:24,53,55,4222,10642
2023-11-14 12:41:24,54,55,4222,10642
2023-11-14 12:41:32,53,55,4222,10642
2023-11-14 12:42:04,52,55,4222,10642
2023-11-14 12:42:14,53,55,4222,10642
2023-11-14 12:42:16,53,54,4222,10642
2023-11-14 12:42:16,52,54,4222,10642
2023-11-14 12:42:18,53,54,4222,10642
2023-11-14 12:42:21,52,54,4222,10642
2023-11-14 12:42:34,52,55,4222,10642
2023-11-14 12:42:34,52,54,4222,10642
2023-11-14 12:42:38,53,54,4222,10642
2023-11-14 12:42:46,53,55,4222,10642
2023-11-14 12:42:46,53,54,4222,10642
2023-11-14 12:42:53,52,54,4222,10642
2023-11-14 12:43:00,52,53,4222,10642
2023-11-14 12:43:00,52,54,4222,10642
2023-11-14 12:43:01,52,53,4222,10642
2023-11-14 12:43:02,52,54,4222,10642
2023-11-14 12:43:09,52,55,4222,10642
2023-11-14 12:43:09,52,54,4222,10642
2023-11-14 12:43:12,53,54,4222,10642
2023-11-14 12:43:19,53,55,4222,10642
2023-11-14 12:43:31,53,55,4222,10992
2023-11-14 12:43:32,53,56,4222,10992
2023-11-14 12:43:32,55,56,4222,10992
2023-11-14 12:43:32,55,56,4422,11192
2023-11-14 12:43:32,55,57,4422,11192
2023-11-14 12:43:37,56,57,4422,11192
2023-11-14 12:43:40,55,57,4422,11192
2023-11-14 12:44:04,55,56,4422,11192
2023-11-14 12:44:10,55,57,4422,11192
2023-11-14 12:44:21,55,56,4422,11192
2023-11-14 12:45:39,55,57,4422,11192
2023-11-14 12:45:39,55,56,4422,11192
2023-11-14 12:46:32,55,56,4422,11336
2023-11-14 12:46:35,53,56,4566,11536
2023-11-14 12:46:36,53,55,4566,11536
2023-11-14 12:47:36,53,56,4566,11536
2023-11-14 12:47:36,53,55,4566,11536
2023-11-14 12:47:38,53,56,4566,11536
2023-11-14 12:47:38,53,55,4566,11536
2023-11-14 12:47:46,53,56,4566,11536
2023-11-14 12:47:46,53,55,4566,11536
2023-11-14 12:47:47,53,56,4566,11536
2023-11-14 12:47:50,54,56,4566,11536
2023-11-14 12:47:51,53,56,4566,11536
2023-11-14 12:47:51,54,56,4566,11536
2023-11-14 12:47:52,53,56,4566,11536
2023-11-14 12:47:52,54,56,4566,11536
2023-11-14 12:47:59,53,56,4566,11536
2023-11-14 12:48:01,53,55,4566,11536
2023-11-14 12:48:10,54,55,4566,11536
2023-11-14 12:48:12,54,56,4566,11536
2023-11-14 12:48:21,53,56,4566,11536
2023-11-14 12:48:22,54,56,4566,11536
2023-11-14 12:48:23,53,56,4566,11536
2023-11-14 12:48:26,53,55,4566,11536
2023-11-14 12:48:26,53,56,4566,11536
2023-11-14 12:48:27,53,55,4566,11536
2023-11-14 12:48:45,53,54,4566,11536
2023-11-14 12:48:58,53,55,4566,11536
2023-11-14 12:49:01,53,54,4566,11536
2023-11-14 12:49:08,52,54,4566,11536
2023-11-14 12:49:35,52,55,4566,11536
2023-11-14 12:49:36,52,54,4566,11536
2023-11-14 12:49:37,52,55,4566,11536
2023-11-14 12:49:43,52,54,4566,11536
2023-11-14 12:50:23,52,53,4566,11536
2023-11-14 12:50:24,52,54,4566,11536
2023-11-14 12:50:25,52,53,4566,11536
2023-11-14 12:50:27,52,54,4566,11536
2023-11-14 12:50:32,52,55,4566,11536
2023-11-14 12:50:35,52,56,4566,11536
2023-11-14 12:50:39,53,56,4566,11536
2023-11-14 12:50:53,54,56,4566,11536
2023-11-14 12:50:53,54,57,4566,11536
2023-11-14 12:51:03,55,57,4566,11536
2023-11-14 12:51:23,55,56,4566,11536
2023-11-14 12:51:25,55,57,4566,11536
2023-11-14 12:51:33,55,56,4566,11536
2023-11-14 12:51:35,55,57,4566,11536
2023-11-14 12:51:36,55,56,4566,11536
2023-11-14 12:51:37,54,56,4566,11536
2023-11-14 12:52:48,55,56,4566,11536
2023-11-14 12:53:01,54,56,4566,11536
2023-11-14 12:53:03,55,56,4566,11536
2023-11-14 12:53:05,54,56,4566,11536
2023-11-14 12:53:05,55,56,4566,11536
2023-11-14 12:53:06,54,56,4566,11536
2023-11-14 12:53:06,55,56,4566,11536
2023-11-14 12:53:17,55,57,4566,11536
2023-11-14 12:53:17,54,57,4566,11536
2023-11-14 12:53:17,55,57,4566,11536
2023-11-14 12:53:32,54,57,4566,11536
2023-11-14 12:53:33,55,57,4566,11536
2023-11-14 12:53:58,55,56,4566,11536
2023-11-14 12:53:58,54,56,4566,11536
2023-11-14 12:54:00,53,56,4566,11536
2023-11-14 12:54:01,54,56,4566,11536
2023-11-14 12:54:02,53,56,4566,11536
2023-11-14 12:54:10,53,55,4566,11536
2023-11-14 12:54:12,53,56,4566,11536
2023-11-14 12:54:17,53,55,4566,11536
2023-11-14 12:54:18,53,56,4566,11536
2023-11-14 12:54:22,54,56,4566,11536
2023-11-14 12:54:42,54,55,4566,11536
2023-11-14 12:54:55,53,55,4566,11536
2023-11-14 12:54:56,54,55,4566,11536
2023-11-14 12:55:00,53,55,4566,11536
2023-11-14 12:55:49,53,56,4566,11536
2023-11-14 12:55:50,54,56,4566,11536
2023-11-14 12:55:54,53,56,4566,11536
2023-11-14 12:56:02,54,56,4566,11536
2023-11-14 12:56:04,53,56,4566,11536
2023-11-14 12:56:04,54,56,4566,11536
2023-11-14 12:56:06,54,55,4566,11536
2023-11-14 12:56:06,53,55,4566,11536
2023-11-14 12:56:08,53,56,4566,11536
2023-11-14 12:56:08,53,55,4566,11536
2023-11-14 12:56:22,53,54,4566,11536
2023-11-14 12:56:26,53,55,4566,11536
2023-11-14 12:56:28,53,54,4566,11536
2023-11-14 12:56:34,52,54,4566,11536
2023-11-14 12:56:41,53,54,4566,11536
2023-11-14 12:56:44,52,54,4566,11536
2023-11-14 12:56:44,53,54,4566,11536
2023-11-14 12:56:47,52,54,4566,11536
2023-11-14 12:56:47,53,54,4566,11536
2023-11-14 12:56:51,52,54,4566,11536
2023-11-14 12:57:14,53,54,4566,11536
2023-11-14 12:57:18,52,54,4566,11536
2023-11-14 12:57:24,53,54,4566,11536
2023-11-14 12:57:31,52,54,4566,11536
2023-11-14 12:57:31,53,54,4566,11536
2023-11-14 12:57:37,53,55,4566,11536
2023-11-14 12:57:38,53,54,4566,11536
2023-11-14 12:57:47,53,55,4566,11536
2023-11-14 12:57:52,53,54,4566,11536
2023-11-14 12:57:54,53,55,4566,11536
2023-11-14 12:57:57,53,54,4566,11536
2023-11-14 12:58:02,52,54,4566,11536
2023-11-14 12:58:02,53,54,4566,11536
2023-11-14 12:58:10,53,55,4566,11536
2023-11-14 12:58:31,53,54,4566,11536
2023-11-14 12:58:41,52,54,4566,11536
2023-11-14 12:58:41,53,54,4566,11536
2023-11-14 12:58:43,52,54,4566,11536
2023-11-14 12:58:44,53,54,4566,11536
2023-11-14 12:58:44,52,54,4566,11536
2023-11-14 12:58:46,53,54,4566,11536
2023-11-14 12:58:49,52,54,4566,11536
2023-11-14 12:58:55,51,54,4566,11536
2023-11-14 12:58:56,52,54,4566,11536
2023-11-14 12:58:57,52,53,4566,11536
2023-11-14 12:58:58,52,54,4566,11536
2023-11-14 12:59:01,53,54,4566,11536
2023-11-14 12:59:04,52,54,4566,11536
2023-11-14 12:59:10,51,54,4566,11536
2023-11-14 12:59:12,52,54,4566,11536
2023-11-14 12:59:28,53,54,4566,11536
2023-11-14 12:59:29,52,54,4566,11536
2023-11-14 12:59:29,53,54,4566,11536
2023-11-14 12:59:35,53,55,4566,11536
2023-11-14 12:59:36,53,54,4566,11536
2023-11-14 12:59:37,53,55,4566,11536
2023-11-14 12:59:47,52,55,4566,11536
2023-11-14 12:59:47,53,55,4566,11536
2023-11-14 12:59:51,52,55,4566,11536
2023-11-14 12:59:51,53,55,4566,11536
2023-11-14 12:59:53,52,55,4566,11536
2023-11-14 12:59:54,53,55,4566,11536
2023-11-14 12:59:59,52,55,4566,11536
2023-11-14 12:59:59,53,55,4566,11536
2023-11-14 13:00:06,54,55,4566,11536
2023-11-14 13:00:09,54,56,4566,11536
2023-11-14 13:00:12,54,55,4566,11536
2023-11-14 13:00:12,53,55,4566,11536
2023-11-14 13:00:15,53,56,4566,11536
2023-11-14 13:00:15,54,56,4566,11536
2023-11-14 13:00:22,53,56,4566,11536
2023-11-14 13:00:27,54,56,4566,11536
2023-11-14 13:00:27,53,56,4566,11536
2023-11-14 13:00:29,54,56,4566,11536
2023-11-14 13:00:32,54,57,4566,11536
2023-11-14 13:00:33,54,56,4566,11536
2023-11-14 13:00:33,55,56,4566,11536
2023-11-14 13:00:37,54,56,4566,11536
2023-11-14 13:00:38,55,56,4566,11536
2023-11-14 13:00:38,54,56,4566,11536
2023-11-14 13:00:40,54,55,4566,11536
2023-11-14 13:00:40,53,55,4566,11536
2023-11-14 13:00:52,52,55,4566,11536
2023-11-14 13:00:55,52,54,4566,11536
2023-11-14 13:01:02,53,54,4566,11536
2023-11-14 13:01:03,53,55,4566,11536
2023-11-14 13:01:05,52,55,4566,11536
2023-11-14 13:01:05,53,55,4566,11536
2023-11-14 13:01:08,54,55,4566,11536
2023-11-14 13:01:09,53,55,4566,11536
2023-11-14 13:01:10,54,55,4566,11536
2023-11-14 13:01:11,53,55,4566,11536
2023-11-14 13:01:12,54,55,4566,11536
2023-11-14 13:01:13,52,55,4566,11536
2023-11-14 13:01:14,53,55,4566,11536
2023-11-14 13:01:14,54,55,4566,11536
2023-11-14 13:01:30,53,55,4566,11536
2023-11-14 13:01:30,54,55,4566,11536
2023-11-14 13:01:46,53,55,4566,11536
2023-11-14 13:01:48,53,54,4566,11536
2023-11-14 13:01:50,53,55,4566,11536
2023-11-14 13:01:52,52,55,4566,11536
2023-11-14 13:01:52,53,55,4566,11536
2023-11-14 13:01:53,54,55,4566,11536
2023-11-14 13:01:54,53,55,4566,11536
2023-11-14 13:01:56,52,55,4566,11536
2023-11-14 13:01:56,53,55,4566,11536
2023-11-14 13:02:04,54,55,4566,11536
2023-11-14 13:02:10,53,55,4566,11536
2023-11-14 13:02:16,53,54,4566,11536
2023-11-14 13:02:31,52,54,4566,11536
2023-11-14 13:02:31,53,54,4566,11536
2023-11-14 13:02:46,52,54,4566,11536
2023-11-14 13:02:47,53,54,4566,11536
2023-11-14 13:02:51,51,54,4566,11536
2023-11-14 13:02:52,52,54,4566,11536
2023-11-14 13:02:52,53,54,4566,11536
2023-11-14 13:02:56,52,54,4566,11536
2023-11-14 13:02:56,51,54,4566,11536
2023-11-14 13:02:56,53,54,4566,11536
2023-11-14 13:03:09,52,54,4566,11536
2023-11-14 13:03:12,52,53,4566,11536
2023-11-14 13:03:14,51,53,4566,11536
2023-11-14 13:03:14,52,53,4566,11536
2023-11-14 13:03:16,52,54,4566,11536
2023-11-14 13:03:18,53,54,4566,11536
2023-11-14 13:03:19,52,54,4566,11536
2023-11-14 13:03:20,53,54,4566,11536
2023-11-14 13:03:23,52,54,4566,11536
2023-11-14 13:03:31,51,54,4566,11536
2023-11-14 13:03:31,52,54,4566,11536
2023-11-14 13:03:32,53,54,4566,11536
2023-11-14 13:03:38,52,54,4566,11536
2023-11-14 13:03:38,53,54,4566,11536
2023-11-14 13:03:39,52,54,4566,11536
2023-11-14 13:03:40,53,54,4566,11536
2023-11-14 13:03:41,52,54,4566,11536
2023-11-14 13:03:41,51,54,4566,11536
2023-11-14 13:03:41,52,54,4566,11536
2023-11-14 13:03:41,53,54,4566,11536
2023-11-14 13:03:41,52,54,4566,11536
2023-11-14 13:03:41,53,54,4566,11536
2023-11-14 13:03:44,52,54,4566,11536
2023-11-14 13:03:44,51,54,4566,11536
2023-11-14 13:03:44,52,54,4566,11536
2023-11-14 13:03:44,53,54,4566,11536
2023-11-14 13:04:05,52,54,4566,11536
2023-11-14 13:04:06,53,54,4566,11536
2023-11-14 13:04:07,53,55,4566,11536
2023-11-14 13:04:11,53,54,4566,11536
2023-11-14 13:04:11,52,54,4566,11536
2023-11-14 13:04:11,53,54,4566,11536
2023-11-14 13:04:16,52,54,4566,11536
2023-11-14 13:04:19,51,54,4566,11536
2023-11-14 13:04:20,52,54,4566,11536
2023-11-14 13:04:22,51,54,4566,11536
2023-11-14 13:04:22,52,54,4566,11536
2023-11-14 13:04:22,52,54,4566,11536
2023-11-14 13:04:22,53,54,4566,11536
2023-11-14 13:04:24,52,54,4566,11536
2023-11-14 13:04:24,51,54,4566,11536
2023-11-14 13:04:26,52,54,4566,11536
2023-11-14 13:04:26,53,54,4566,11536
2023-11-14 13:04:27,52,54,4566,11536
2023-11-14 13:04:28,53,54,4566,11536
2023-11-14 13:04:30,52,54,4566,11536
2023-11-14 13:04:31,53,54,4566,11536
2023-11-14 13:04:58,52,54,4566,11536
2023-11-14 13:05:16,53,54,4566,11536
2023-11-14 13:05:25,53,55,4566,11536
2023-11-14 13:05:30,52,55,4566,11536
2023-11-14 13:05:30,53,55,4566,11536
2023-11-14 13:05:37,53,54,4566,11536
2023-11-14 13:05:37,52,54,4566,11536
2023-11-14 13:05:37,53,54,4566,11536
2023-11-14 13:05:38,52,54,4566,11536
2023-11-14 13:05:43,52,53,4566,11536
2023-11-14 13:05:43,51,53,4566,11536
2023-11-14 13:05:45,51,54,4566,11536
2023-11-14 13:05:51,51,53,4566,11536
2023-11-14 13:05:58,50,53,4566,11536
2023-11-14 13:05:58,50,52,4566,11536
2023-11-14 13:06:02,50,53,4566,11536
2023-11-14 13:06:06,51,53,4566,11536
2023-11-14 13:06:10,51,52,4566,11536
2023-11-14 13:06:12,51,53,4566,11536
2023-11-14 13:06:15,51,52,4566,11536
2023-11-14 13:06:17,51,53,4566,11536
2023-11-14 13:06:17,50,53,4566,11536
2023-11-14 13:06:17,51,53,4566,11536
2023-11-14 13:06:19,51,52,4566,11536
2023-11-14 13:06:32,50,52,4566,11536
2023-11-14 13:06:32,50,53,4566,11536
2023-11-14 13:06:32,51,53,4566,11536
2023-11-14 13:06:52,51,54,4566,11536
2023-11-14 13:06:53,50,54,4566,11536
2023-11-14 13:06:53,51,54,4566,11536
2023-11-14 13:06:53,52,54,4566,11536
2023-11-14 13:06:57,50,54,4566,11536
2023-11-14 13:06:57,52,54,4566,11536
2023-11-14 13:07:09,52,53,4566,11536
2023-11-14 13:07:09,51,53,4566,11536
2023-11-14 13:07:09,52,53,4566,11536
2023-11-14 13:07:11,51,53,4566,11536
2023-11-14 13:07:12,52,53,4566,11536
2023-11-14 13:07:14,51,53,4566,11536
2023-11-14 13:07:15,52,53,4566,11536
2023-11-14 13:07:21,51,53,4566,11536
2023-11-14 13:07:21,52,53,4566,11536
2023-11-14 13:07:26,52,54,4566,11536
2023-11-14 13:07:27,52,53,4566,11536
2023-11-14 13:07:27,51,53,4566,11536
2023-11-14 13:07:27,52,53,4566,11536
2023-11-14 13:07:29,51,53,4566,11536
2023-11-14 13:07:36,50,53,4566,11536
2023-11-14 13:07:39,51,53,4566,11536
2023-11-14 13:07:46,50,53,4566,11536
2023-11-14 13:07:46,51,53,4566,11536
2023-11-14 13:07:49,50,53,4566,11536
2023-11-14 13:07:51,51,53,4566,11536
2023-11-14 13:07:56,51,52,4566,11536
2023-11-14 13:07:56,50,52,4566,11536
2023-11-14 13:08:03,50,53,4566,11536
2023-11-14 13:08:22,51,53,4566,11536
2023-11-14 13:08:28,51,54,4566,11536
2023-11-14 13:08:33,51,55,4566,11536
2023-11-14 13:08:36,51,54,4566,11536
2023-11-14 13:08:42,51,53,4566,11536
2023-11-14 13:08:45,51,54,4566,11536
2023-11-14 13:08:47,51,53,4566,11536
2023-11-14 13:08:56,50,53,4566,11536
2023-11-14 13:08:56,51,53,4566,11536
2023-11-14 13:09:04,50,53,4566,11536
2023-11-14 13:09:04,51,53,4566,11536
2023-11-14 13:09:06,51,54,4566,11536
2023-11-14 13:09:06,52,54,4566,11536
2023-11-14 13:09:11,51,54,4566,11536
2023-11-14 13:09:11,52,54,4566,11536
2023-11-14 13:09:15,51,54,4566,11536
2023-11-14 13:09:15,52,54,4566,11536
2023-11-14 13:09:17,51,54,4566,11536
2023-11-14 13:09:18,52,54,4566,11536
2023-11-14 13:09:29,52,55,4566,11536
2023-11-14 13:09:37,52,56,4566,11536
2023-11-14 13:09:38,52,55,4566,11536
2023-11-14 13:09:48,52,54,4566,11536
2023-11-14 13:09:50,52,55,4566,11536
2023-11-14 13:09:52,53,55,4566,11536
2023-11-14 13:09:54,53,56,4566,11536
2023-11-14 13:10:01,52,56,4566,11536
2023-11-14 13:10:01,53,56,4566,11536
2023-11-14 13:10:04,55,56,4566,11536
2023-11-14 13:10:04,55,57,4566,11536
2023-11-14 13:10:27,56,57,4566,11536
2023-11-14 13:10:34,55,57,4566,11536
2023-11-14 13:10:34,56,57,4566,11536
2023-11-14 13:10:53,55,57,4566,11536
2023-11-14 13:10:56,56,57,4566,11536
2023-11-14 13:11:06,55,57,4566,11536
2023-11-14 13:11:06,56,57,4566,11536
2023-11-14 13:11:14,55,57,4566,11536
2023-11-14 13:11:14,56,57,4566,11536
2023-11-14 13:11:16,55,57,4566,11536
2023-11-14 13:11:16,56,57,4566,11536
2023-11-14 13:11:23,56,58,4566,11536
2023-11-14 13:11:37,55,58,4566,11536
2023-11-14 13:11:52,55,57,4566,11536
2023-11-14 13:12:01,55,58,4566,11536
2023-11-14 13:12:02,55,57,4566,11536
2023-11-14 13:12:04,55,58,4566,11536
2023-11-14 13:12:08,56,58,4566,11536
2023-11-14 13:12:10,55,58,4566,11536
2023-11-14 13:12:11,56,58,4566,11536
2023-11-14 13:12:14,55,58,4566,11536
2023-11-14 13:12:16,56,58,4566,11536
2023-11-14 13:12:17,55,58,4566,11536
2023-11-14 13:12:20,56,58,4566,11536
2023-11-14 13:12:29,55,58,4566,11536
2023-11-14 13:12:30,56,58,4566,11536
2023-11-14 13:12:48,56,59,4566,11536
2023-11-14 13:12:48,57,59,4566,11536
2023-11-14 13:12:52,58,59,4566,11536
2023-11-14 13:13:06,57,60,4566,11536
2023-11-14 13:13:12,57,59,4566,11536
2023-11-14 13:13:25,56,59,4566,11536
2023-11-14 13:13:26,57,59,4566,11536
2023-11-14 13:13:30,56,59,4566,11536
2023-11-14 13:13:31,56,58,4566,11536
2023-11-14 13:13:52,57,58,4566,11536
2023-11-14 13:13:52,57,59,4566,11536
2023-11-14 13:14:10,56,59,4566,11536
2023-11-14 13:14:14,57,59,4566,11536
2023-11-14 13:14:21,56,59,4566,11536
2023-11-14 13:14:23,56,59,4566,11536
2023-11-14 13:14:24,56,58,4566,11536
2023-11-14 13:14:26,56,59,4566,11536
2023-11-14 13:14:29,57,59,4566,11536
2023-11-14 13:14:43,57,60,4566,11536
2023-11-14 13:14:59,58,60,4566,11536
2023-11-14 13:15:19,59,60,4566,11536
2023-11-14 13:15:20,58,60,4566,11536
2023-11-14 13:15:21,59,60,4566,11536
2023-11-14 13:15:29,59,61,4566,11536
2023-11-14 13:15:52,58,61,4566,11536
2023-11-14 13:15:56,58,60,4566,11536
2023-11-14 13:16:10,58,61,4566,11536
2023-11-14 13:16:13,58,60,4566,11536
2023-11-14 13:16:16,58,61,4566,11536
2023-11-14 13:16:16,58,60,4566,11536
2023-11-14 13:16:20,58,61,4566,11536
2023-11-14 13:16:21,58,60,4566,11536
2023-11-14 13:16:24,57,60,4566,11536
2023-11-14 13:16:34,57,59,4566,11536
2023-11-14 13:16:59,57,58,4566,11536
2023-11-14 13:17:02,57,59,4566,11536
2023-11-14 13:17:06,57,58,4566,11536
2023-11-14 13:17:07,57,59,4566,11536
2023-11-14 13:17:08,57,58,4566,11536
2023-11-14 13:17:14,57,59,4566,11536
2023-11-14 13:17:14,57,58,4566,11536
2023-11-14 13:17:16,57,59,4566,11536
2023-11-14 13:17:16,57,58,4566,11536
2023-11-14 13:17:21,57,59,4566,11536
2023-11-14 13:17:21,57,58,4566,11536
2023-11-14 13:17:33,57,59,4566,11536
2023-11-14 13:18:02,57,60,4566,11536
2023-11-14 13:18:18,58,60,4566,11536
2023-11-14 13:18:19,57,60,4566,11536
2023-11-14 13:18:20,58,60,4566,11536
2023-11-14 13:18:26,57,60,4566,11536
2023-11-14 13:18:26,58,60,4566,11536
2023-11-14 13:18:32,58,59,4566,11536
2023-11-14 13:18:33,57,59,4566,11536
2023-11-14 13:18:46,57,60,4566,11536
2023-11-14 13:18:46,57,59,4566,11536
2023-11-14 13:18:48,57,60,4566,11536
2023-11-14 13:18:53,57,59,4566,11536
2023-11-14 13:19:02,57,60,4566,11536
2023-11-14 13:19:10,58,60,4566,11536
2023-11-14 13:19:28,57,60,4566,11536
2023-11-14 13:19:28,57,59,4566,11536
2023-11-14 13:20:02,58,59,4566,11536
2023-11-14 13:20:10,58,60,4566,11536
2023-11-14 13:20:22,58,61,4566,11536
2023-11-14 13:20:26,59,61,4566,11536
2023-11-14 13:20:26,59,60,4566,11536
2023-11-14 13:20:26,59,61,4566,11536
2023-11-14 13:20:41,59,60,4566,11536
2023-11-14 13:20:44,59,61,4566,11536
2023-11-14 13:20:44,59,60,4566,11536
2023-11-14 13:20:47,58,60,4566,11536
2023-11-14 13:20:51,57,60,4566,11536
2023-11-14 13:21:11,57,59,4566,11536
2023-11-14 13:21:13,57,60,4566,11536
2023-11-14 13:21:13,57,59,4566,11536
2023-11-14 13:21:15,57,60,4566,11536
2023-11-14 13:21:15,57,59,4566,11536
2023-11-14 13:21:26,57,60,4566,11536
2023-11-14 13:21:28,58,60,4566,11536
2023-11-14 13:21:31,58,61,4566,11536
2023-11-14 13:21:36,58,60,4566,11536
2023-11-14 13:21:43,58,61,4566,11536
2023-11-14 13:21:49,58,60,4566,11536
2023-11-14 13:21:56,58,61,4566,11536
2023-11-14 13:21:56,58,60,4566,11536
2023-11-14 13:22:08,57,60,4566,11536
2023-11-14 13:22:09,57,59,4566,11536
2023-11-14 13:22:10,57,60,4566,11536
2023-11-14 13:22:12,58,60,4566,11536
2023-11-14 13:22:13,58,59,4566,11536
2023-11-14 13:22:14,57,59,4566,11536
2023-11-14 13:22:15,58,59,4566,11536
2023-11-14 13:22:19,58,60,4566,11536
2023-11-14 13:22:26,58,61,4566,11536
2023-11-14 13:22:29,58,60,4566,11536
2023-11-14 13:22:29,58,61,4566,11536
2023-11-14 13:22:30,58,60,4566,11536
2023-11-14 13:22:52,57,60,4566,11536
2023-11-14 13:22:52,57,59,4566,11536
2023-11-14 13:22:55,57,60,4566,11536
2023-11-14 13:23:09,58,60,4566,11536
2023-11-14 13:23:11,57,60,4566,11536
2023-11-14 13:23:20,58,60,4566,11536
2023-11-14 13:23:21,57,60,4566,11536
2023-11-14 13:23:22,58,60,4566,11536
2023-11-14 13:23:22,57,60,4566,11536
2023-11-14 13:23:23,57,59,4566,11536
2023-11-14 13:23:28,58,59,4566,11536
2023-11-14 13:23:28,58,60,4566,11536
2023-11-14 13:23:31,57,60,4566,11536
2023-11-14 13:23:34,58,60,4566,11536
2023-11-14 13:23:40,58,60,4566,11554
2023-11-14 13:23:51,58,61,4566,11554
2023-11-14 13:24:03,59,61,4566,11554
2023-11-14 13:24:17,58,61,4566,11554
2023-11-14 13:24:19,58,60,4566,11554
2023-11-14 13:24:21,58,61,4566,11554
2023-11-14 13:24:22,58,60,4566,11554
2023-11-14 13:24:26,57,60,4566,11554
2023-11-14 13:24:26,58,60,4566,11554
2023-11-14 13:24:51,57,60,4566,11554
2023-11-14 13:24:51,58,60,4566,11554
2023-11-14 13:24:56,57,60,4566,11554
2023-11-14 13:24:56,58,60,4566,11554
2023-11-14 13:25:02,58,59,4566,11554
2023-11-14 13:25:03,57,59,4566,11554
2023-11-14 13:25:04,58,59,4566,11554
2023-11-14 13:25:07,58,60,4566,11554
2023-11-14 13:25:12,58,59,4566,11554
2023-11-14 13:25:14,58,60,4566,11554
2023-11-14 13:25:14,57,60,4566,11554
2023-11-14 13:25:14,58,60,4566,11554
2023-11-14 13:25:15,58,59,4566,11554
2023-11-14 13:25:17,58,60,4566,11554
2023-11-14 13:25:18,58,59,4566,11554
2023-11-14 13:25:20,57,59,4566,11554
2023-11-14 13:25:27,58,59,4566,11554
2023-11-14 13:25:30,58,60,4566,11554
2023-11-14 13:25:31,58,59,4566,11554
2023-11-14 13:25:31,57,59,4566,11554
2023-11-14 13:25:31,58,59,4566,11554
2023-11-14 13:25:32,57,59,4566,11554
2023-11-14 13:25:33,58,59,4566,11554
2023-11-14 13:25:40,57,59,4566,11554
2023-11-14 13:25:53,57,58,4566,11554
2023-11-14 13:25:55,56,58,4566,11554
2023-11-14 13:25:55,57,58,4566,11554
2023-11-14 13:25:56,56,58,4566,11554
2023-11-14 13:25:58,57,58,4566,11554
2023-11-14 13:26:00,56,58,4566,11554
2023-11-14 13:26:17,57,58,4566,11554
2023-11-14 13:26:30,56,58,4566,11554
2023-11-14 13:26:31,57,58,4566,11554
2023-11-14 13:26:39,56,58,4566,11554
2023-11-14 13:26:39,57,58,4566,11554
2023-11-14 13:26:46,56,58,4566,11554
2023-11-14 13:26:47,56,59,4566,11554
2023-11-14 13:26:47,57,59,4566,11554
2023-11-14 13:26:50,58,59,4566,11554
2023-11-14 13:26:52,57,59,4566,11554
2023-11-14 13:26:59,58,59,4566,11554
2023-11-14 13:26:59,58,60,4566,11554
2023-11-14 13:27:04,57,60,4566,11554
2023-11-14 13:27:06,57,59,4566,11554
2023-11-14 13:27:12,57,59,4565,11555
2023-11-14 13:27:15,57,58,4565,11555
2023-11-14 13:27:15,56,58,4565,11555
2023-11-14 13:27:19,55,58,4565,11555
2023-11-14 13:27:27,55,57,4565,11555
2023-11-14 13:27:56,54,57,4565,11555
2023-11-14 13:27:57,54,56,4565,11555
2023-11-14 13:27:58,54,55,4565,11555
2023-11-14 13:27:58,53,55,4565,11555
2023-11-14 13:28:00,53,56,4565,11555
2023-11-14 13:28:11,53,55,4565,11555
2023-11-14 13:28:11,52,55,4565,11555
2023-11-14 13:28:20,53,55,4565,11555
2023-11-14 13:28:24,52,55,4565,11555
2023-11-14 13:28:24,53,55,4565,11555
2023-11-14 13:28:36,54,55,4565,11555
2023-11-14 13:28:39,54,56,4565,11555
2023-11-14 13:28:39,53,56,4565,11555
2023-11-14 13:28:40,53,56,4565,11555
2023-11-14 13:28:40,54,56,4565,11555
2023-11-14 13:28:44,53,56,4565,11555
2023-11-14 13:28:44,52,56,4565,11555
2023-11-14 13:28:44,53,56,4565,11555
2023-11-14 13:28:44,53,56,4565,11555
2023-11-14 13:28:44,54,56,4565,11555
2023-11-14 13:28:46,54,55,4565,11555
2023-11-14 13:28:47,53,55,4565,11555
2023-11-14 13:28:54,52,55,4565,11555
2023-11-14 13:28:54,53,55,4565,11555
2023-11-14 13:29:07,52,55,4565,11555
2023-11-14 13:29:07,53,55,4565,11555
2023-11-14 13:29:12,52,55,4565,11555
2023-11-14 13:29:12,53,55,4565,11555
2023-11-14 13:29:13,53,56,4565,11555
2023-11-14 13:29:13,54,56,4565,11555
2023-11-14 13:29:14,54,55,4565,11555
2023-11-14 13:29:14,53,55,4565,11555
2023-11-14 13:29:26,52,55,4565,11555
2023-11-14 13:29:27,53,55,4565,11555
2023-11-14 13:29:31,52,55,4565,11555
2023-11-14 13:29:31,53,55,4565,11555
2023-11-14 13:29:34,52,55,4565,11555
2023-11-14 13:29:34,53,55,4565,11555
2023-11-14 13:29:49,53,56,4565,11555
2023-11-14 13:29:49,52,56,4565,11555
2023-11-14 13:29:49,53,56,4565,11555
2023-11-14 13:29:51,53,55,4565,11555
2023-11-14 13:29:51,52,55,4565,11555
2023-11-14 13:29:51,53,55,4565,11555
2023-11-14 13:29:55,52,55,4565,11555
2023-11-14 13:29:56,53,55,4565,11555
2023-11-14 13:30:01,53,54,4565,11555
2023-11-14 13:30:15,53,55,4565,11555
2023-11-14 13:30:17,53,54,4565,11555
2023-11-14 13:30:20,52,54,4565,11555
2023-11-14 13:30:20,53,54,4565,11555
2023-11-14 13:30:21,52,54,4565,11555
2023-11-14 13:30:22,52,53,4565,11555
2023-11-14 13:30:22,51,53,4565,11555
2023-11-14 13:30:27,50,53,4565,11555
2023-11-14 13:30:30,51,53,4565,11555
2023-11-14 13:30:34,50,53,4565,11555
2023-11-14 13:30:40,51,53,4565,11555
2023-11-14 13:30:45,52,53,4565,11555
2023-11-14 13:31:03,51,53,4565,11555
2023-11-14 13:31:05,51,53,4465,11755
2023-11-14 13:31:05,49,53,4465,11755
2023-11-14 13:31:07,49,52,4465,11755
2023-11-14 13:31:20,49,51,4465,11755
2023-11-14 13:31:21,48,51,4465,11755
2023-11-14 13:31:25,48,50,4465,11755
2023-11-14 13:31:25,47,50,4465,11755
2023-11-14 13:31:32,47,51,4465,11755
2023-11-14 13:31:33,47,50,4465,11755
2023-11-14 13:31:40,48,50,4465,11755
2023-11-14 13:31:41,47,50,4465,11755
2023-11-14 13:31:42,48,50,4465,11755
2023-11-14 13:31:43,47,50,4465,11755
2023-11-14 13:31:44,48,50,4465,11755
2023-11-14 13:31:44,47,50,4465,11755
2023-11-14 13:31:45,48,50,4465,11755
2023-11-14 13:31:47,48,49,4465,11755
2023-11-14 13:31:47,47,49,4465,11755
2023-11-14 13:31:50,46,49,4465,11755
2023-11-14 13:31:57,46,48,4465,11755
2023-11-14 13:32:01,46,49,4465,11755
2023-11-14 13:32:11,46,50,4465,11955
2023-11-14 13:32:11,47,50,4465,11955
2023-11-14 13:32:12,47,51,4465,11955
2023-11-14 13:32:12,48,51,4465,11955
2023-11-14 13:32:23,47,51,4465,11955
2023-11-14 13:32:26,48,51,4465,11955
2023-11-14 13:32:31,48,52,4465,11955
2023-11-14 13:32:34,49,52,4465,11955
2023-11-14 13:32:34,49,51,4465,11955
2023-11-14 13:32:36,48,51,4465,11955
2023-11-14 13:32:36,48,52,4465,11955
2023-11-14 13:32:37,49,52,4465,11955
2023-11-14 13:32:41,49,51,4465,11955
2023-11-14 13:32:42,48,51,4465,11955
2023-11-14 13:32:50,49,51,4465,11955
2023-11-14 13:32:52,49,52,4465,11955
2023-11-14 13:32:52,49,51,4465,11955
2023-11-14 13:32:55,49,52,4465,11955
2023-11-14 13:33:01,49,51,4465,11955
2023-11-14 13:33:03,48,51,4465,11955
2023-11-14 13:33:05,47,51,4465,11955
2023-11-14 13:33:22,47,50,4465,11955
2023-11-14 13:33:28,48,50,4465,11955
2023-11-14 13:33:36,47,50,4465,11955
2023-11-14 13:33:38,48,50,4465,11955
2023-11-14 13:33:43,48,51,4465,11955
2023-11-14 13:33:44,48,50,4465,11955
2023-11-14 13:33:45,48,51,4465,11955
2023-11-14 13:33:46,48,50,4465,11955
2023-11-14 13:33:47,48,51,4465,11955
2023-11-14 13:33:49,48,52,4465,11955
2023-11-14 13:33:50,49,52,4465,11955
2023-11-14 13:33:53,50,52,4465,11955
2023-11-14 13:33:53,50,52,4815,12305
2023-11-14 13:33:53,50,53,4815,12305
2023-11-14 13:33:56,50,54,4815,12305
2023-11-14 13:33:58,51,54,4815,12305
2023-11-14 13:34:15,52,54,4815,12305
2023-11-14 13:34:19,51,54,4815,12305
2023-11-14 13:34:19,52,54,4815,12305
2023-11-14 13:34:20,51,54,4815,12305
2023-11-14 13:34:21,52,54,4815,12305
2023-11-14 13:34:28,52,55,4815,12305
2023-11-14 13:34:29,52,54,4815,12305
2023-11-14 13:34:31,52,55,4815,12305
2023-11-14 13:34:32,52,54,4815,12305
2023-11-14 13:34:39,52,55,4815,12305
2023-11-14 13:34:39,52,54,4815,12305
2023-11-14 13:34:43,52,55,4815,12305
2023-11-14 13:34:46,52,54,4815,12305
2023-11-14 13:35:04,52,55,4815,12305
2023-11-14 13:35:04,53,55,4815,12305
2023-11-14 13:35:12,53,56,4815,12305
2023-11-14 13:35:18,53,55,4815,12305
2023-11-14 13:35:20,53,56,4815,12305
2023-11-14 13:35:25,53,55,4815,12305
2023-11-14 13:35:34,53,55,4815,12340
2023-11-14 13:35:49,53,56,4815,12340
2023-11-14 13:35:51,54,56,4815,12340
2023-11-14 13:35:51,54,56,5165,12690
2023-11-14 13:35:51,54,57,5165,12690
2023-11-14 13:35:52,54,58,5165,12690
2023-11-14 13:35:52,55,58,5165,12690
2023-11-14 13:36:06,55,57,5165,12690
2023-11-14 13:36:25,54,57,5165,12690
2023-11-14 13:36:28,54,56,5165,12690
2023-11-14 13:36:29,54,57,5165,12690
2023-11-14 13:36:35,54,56,5165,12690
2023-11-14 13:36:36,54,57,5165,12690
2023-11-14 13:36:46,54,56,5165,12690
2023-11-14 13:36:55,54,55,5165,12690
2023-11-14 13:36:55,53,55,5165,12690
2023-11-14 13:36:55,52,55,5165,12690
2023-11-14 13:36:55,53,55,5165,12690
2023-11-14 13:37:22,53,54,5165,12690
2023-11-14 13:37:30,53,55,5165,12690
2023-11-14 13:37:32,53,54,5165,12690
2023-11-14 13:37:48,53,55,5165,12690
2023-11-14 13:37:54,52,55,5165,12690
2023-11-14 13:37:54,52,56,5165,12690
2023-11-14 13:37:54,54,56,5165,12690
2023-11-14 13:38:03,54,55,5165,12690
2023-11-14 13:38:03,52,55,5165,12690
2023-11-14 13:38:03,53,55,5165,12690
2023-11-14 13:38:10,53,56,5165,12690
2023-11-14 13:38:10,52,56,5165,12690
2023-11-14 13:38:10,54,56,5165,12690
2023-11-14 13:38:11,54,55,5165,12690
2023-11-14 13:38:13,52,55,5165,12690
2023-11-14 13:38:13,53,55,5165,12690
2023-11-14 13:38:16,53,56,5165,12690
2023-11-14 13:38:16,54,56,5165,12690
2023-11-14 13:38:19,54,57,5165,12690
2023-11-14 13:38:21,54,56,5165,12690
2023-11-14 13:38:33,54,55,5165,12690
2023-11-14 13:38:33,52,55,5165,12690
2023-11-14 13:38:33,51,55,5165,12690
2023-11-14 13:38:33,52,55,5165,12690
2023-11-14 13:38:33,53,55,5165,12690
2023-11-14 13:38:36,53,54,5165,12690
2023-11-14 13:38:54,51,54,5165,12690
2023-11-14 13:38:54,52,54,5165,12690
2023-11-14 13:39:00,52,53,5165,12690
2023-11-14 13:39:09,52,54,5165,12690
2023-11-14 13:39:10,52,53,5165,12690
2023-11-14 13:39:45,52,54,5165,12690
2023-11-14 13:39:47,52,53,5165,12690
2023-11-14 13:39:48,52,54,5165,12690
2023-11-14 13:39:50,52,53,5165,12690
2023-11-14 13:39:52,52,54,5165,12690
2023-11-14 13:39:54,52,53,5165,12690
2023-11-14 13:39:55,52,54,5165,12690
2023-11-14 13:39:55,52,53,5165,12690
2023-11-14 13:40:23,50,53,5165,12690
2023-11-14 13:40:23,51,53,5165,12690
2023-11-14 13:40:23,51,52,5165,12690
2023-11-14 13:40:27,51,53,5165,12690
2023-11-14 13:40:28,51,52,5165,12690
2023-11-14 13:40:31,51,52,5438,13040
2023-11-14 13:40:33,51,53,5438,13040
2023-11-14 13:40:33,51,52,5438,13040
2023-11-14 13:40:39,51,53,5438,13040
2023-11-14 13:40:42,52,53,5438,13040
2023-11-14 13:41:02,52,54,5438,13040
2023-11-14 13:41:04,51,54,5438,13040
2023-11-14 13:41:04,53,54,5438,13040
2023-11-14 13:41:10,53,55,5438,13040
2023-11-14 13:41:18,53,56,5438,13040
2023-11-14 13:41:20,52,56,5438,13040
2023-11-14 13:41:20,54,56,5438,13040
2023-11-14 13:41:24,54,57,5438,13040
2023-11-14 13:41:25,55,57,5438,13040
2023-11-14 13:41:30,55,58,5438,13040
2023-11-14 13:41:41,56,58,5438,13040
2023-11-14 13:41:58,56,59,5438,13040
2023-11-14 13:42:02,57,59,5438,13040
2023-11-14 13:42:09,57,60,5438,13040
2023-11-14 13:42:17,58,60,5438,13040
2023-11-14 13:42:39,58,61,5438,13040
2023-11-14 13:42:42,59,61,5438,13040
2023-11-14 13:42:43,58,61,5438,13040
2023-11-14 13:42:44,58,60,5438,13040
2023-11-14 13:42:44,58,61,5438,13040
2023-11-14 13:42:45,59,61,5438,13040
2023-11-14 13:42:47,58,61,5438,13040
2023-11-14 13:43:04,58,60,5438,13040
2023-11-14 13:43:05,58,61,5438,13040
2023-11-14 13:43:06,59,61,5438,13040
2023-11-14 13:43:17,59,62,5438,13040
2023-11-14 13:43:17,60,62,5438,13040
2023-11-14 13:43:27,59,62,5438,13040
2023-11-14 13:43:29,59,61,5438,13040
2023-11-14 13:43:51,59,62,5438,13040
2023-11-14 13:43:51,59,61,5438,13040
2023-11-14 13:43:52,59,60,5438,13040
2023-11-14 13:44:04,59,61,5438,13040
2023-11-14 13:44:11,59,62,5438,13040
2023-11-14 13:44:11,60,62,5438,13040
2023-11-14 13:44:14,60,61,5438,13040
2023-11-14 13:44:15,58,61,5438,13040
2023-11-14 13:44:15,59,61,5438,13040
2023-11-14 13:44:18,59,62,5438,13040
2023-11-14 13:44:22,60,62,5438,13040
2023-11-14 13:44:33,61,62,5438,13040
2023-11-14 13:44:34,61,63,5438,13040
2023-11-14 13:44:55,61,62,5438,13040
2023-11-14 13:44:59,60,62,5438,13040
2023-11-14 13:45:00,60,63,5438,13040
2023-11-14 13:45:06,61,63,5438,13040
2023-11-14 13:45:44,62,63,5438,13040
2023-11-14 13:45:54,61,63,5438,13040
2023-11-14 13:45:54,60,63,5438,13040
2023-11-14 13:45:54,61,63,5438,13040
2023-11-14 13:46:06,61,62,5438,13040
2023-11-14 13:46:11,58,62,5438,13040
2023-11-14 13:46:11,58,61,5438,13040
2023-11-14 13:46:11,60,61,5438,13040
2023-11-14 13:46:38,61,63,5438,13100
2023-11-14 13:46:56,61,62,5438,13100
2023-11-14 13:46:57,61,63,5438,13100
2023-11-14 13:46:58,61,62,5438,13100
2023-11-14 13:46:59,61,62,5438,13160
2023-11-14 13:46:59,60,62,5438,13160
2023-11-14 13:47:03,60,63,5438,13160
2023-11-14 13:47:04,60,62,5438,13160
2023-11-14 13:47:05,60,63,5438,13160
2023-11-14 13:47:05,61,63,5438,13160
2023-11-14 13:47:11,60,63,5438,13160
2023-11-14 13:47:11,62,63,5438,13160
2023-11-14 13:47:17,62,64,5438,13160
2023-11-14 13:47:25,63,64,5438,13160
2023-11-14 13:48:08,62,64,5438,13160
2023-11-14 13:48:12,62,63,5438,13160
2023-11-14 13:48:14,62,63,5438,13220
2023-11-14 13:48:14,60,63,5438,13220
2023-11-14 13:48:14,61,63,5438,13220
2023-11-14 13:48:33,61,62,5438,13220
2023-11-14 13:48:34,61,62,5438,13280
2023-11-14 13:48:46,61,62,5438,13340
2023-11-14 13:48:46,61,62,5088,13690
2023-11-14 13:48:48,59,62,5088,13740
2023-11-14 13:48:53,59,61,5088,13740
2023-11-14 13:48:54,59,62,5088,13740
2023-11-14 13:48:56,60,62,5088,13740
2023-11-14 13:49:02,60,63,5088,13740
2023-11-14 13:49:20,61,63,5088,13740
2023-11-14 13:49:22,60,63,5088,13740
2023-11-14 13:49:22,61,63,5088,13740
2023-11-14 13:49:23,60,63,5088,13740
2023-11-14 13:49:23,61,63,5088,13740
2023-11-14 13:49:24,61,62,5088,13740
2023-11-14 13:49:24,60,62,5088,13740
2023-11-14 13:49:24,61,62,5088,13740
2023-11-14 13:49:25,60,62,5088,13740
2023-11-14 13:49:28,59,62,5088,13740
2023-11-14 13:49:29,58,62,5088,13740
2023-11-14 13:49:30,58,61,5088,13740
2023-11-14 13:49:32,58,62,5088,13740
2023-11-14 13:49:36,58,61,5088,13740
2023-11-14 13:49:39,58,62,5088,13740
2023-11-14 13:49:40,58,61,5088,13740
2023-11-14 13:49:43,58,62,5088,13740
2023-11-14 13:49:46,58,61,5088,13740
2023-11-14 13:49:54,59,61,5088,13740
2023-11-14 13:49:56,58,61,5088,13740
2023-11-14 13:49:57,58,60,5088,13740
2023-11-14 13:50:01,58,61,5088,13740
2023-11-14 13:50:05,58,60,5088,13740
2023-11-14 13:50:07,58,61,5088,13740
2023-11-14 13:50:07,58,60,5088,13740
2023-11-14 13:50:10,58,61,5088,13740
2023-11-14 13:50:11,58,60,5088,13740
2023-11-14 13:50:14,58,61,5088,13740
2023-11-14 13:50:15,58,60,5088,13740
2023-11-14 13:50:20,58,61,5088,13740
2023-11-14 13:50:20,58,60,5088,13740
2023-11-14 13:50:22,57,60,5088,13740
2023-11-14 13:50:47,58,60,5088,13740
2023-11-14 13:50:52,57,60,5088,13740
2023-11-14 13:50:52,57,61,5088,13740
2023-11-14 13:50:53,57,60,5088,13740
2023-11-14 13:50:53,58,60,5088,13740
2023-11-14 13:50:54,58,61,5088,13740
2023-11-14 13:50:59,58,60,5088,13740
2023-11-14 13:50:59,57,60,5088,13740
2023-11-14 13:51:17,56,60,5088,13740
2023-11-14 13:51:18,56,59,5088,13740
2023-11-14 13:51:19,56,60,5088,13740
2023-11-14 13:51:20,56,59,5088,13740
2023-11-14 13:51:22,56,60,5088,13740
2023-11-14 13:51:24,56,58,5088,13740
2023-11-14 13:51:39,56,59,5088,13740
2023-11-14 13:51:43,57,59,5088,13740
2023-11-14 13:51:46,56,59,5088,13740
2023-11-14 13:51:49,57,59,5088,13740
2023-11-14 13:51:50,57,60,5088,13740
2023-11-14 13:51:52,56,60,5088,13740
2023-11-14 13:51:53,56,61,5088,13740
2023-11-14 13:51:53,57,61,5088,13740
2023-11-14 13:51:56,58,61,5088,13740
2023-11-14 13:51:59,58,62,5088,13740
2023-11-14 13:52:16,59,62,5088,13740
2023-11-14 13:52:21,59,61,5088,13740
2023-11-14 13:52:21,58,61,5088,13740
2023-11-14 13:52:21,59,61,5088,13740
2023-11-14 13:52:29,58,61,5088,13740
2023-11-14 13:52:37,58,60,5088,13740
2023-11-14 13:52:37,56,60,5088,13740
2023-11-14 13:52:40,56,59,5088,13740
2023-11-14 13:52:46,56,60,5088,13740
2023-11-14 13:52:47,56,59,5088,13740
2023-11-14 13:53:10,57,59,5088,13740
2023-11-14 13:53:14,56,59,5088,13740
2023-11-14 13:53:15,57,59,5088,13740
2023-11-14 13:53:21,56,59,5088,13740
2023-11-14 13:53:21,57,59,5088,13740
2023-11-14 13:53:28,57,60,5088,13740
2023-11-14 13:53:30,56,60,5088,13740
2023-11-14 13:53:31,57,60,5088,13740
2023-11-14 13:53:44,58,60,5088,13740
2023-11-14 13:53:45,57,60,5088,13740
2023-11-14 13:53:48,58,60,5088,13740
2023-11-14 13:53:48,58,61,5088,13740
2023-11-14 13:53:50,58,62,5088,13740
2023-11-14 13:53:52,59,62,5088,13740
2023-11-14 13:53:54,59,63,5088,13740
2023-11-14 13:53:55,59,62,5088,13740
2023-11-14 13:54:02,59,63,5088,13740
2023-11-14 13:54:07,60,63,5088,13740
2023-11-14 13:54:17,61,63,5088,13740
2023-11-14 13:54:17,61,64,5088,13740
2023-11-14 13:54:18,62,64,5088,13740
2023-11-14 13:54:48,63,64,5088,13740
2023-11-14 13:54:51,62,64,5088,13740
2023-11-14 13:54:51,63,64,5088,13740
2023-11-14 13:54:52,62,64,5088,13740
2023-11-14 13:54:53,63,64,5088,13740
2023-11-14 13:54:55,62,64,5088,13740
2023-11-14 13:54:55,63,64,5088,13740
2023-11-14 13:54:56,62,64,5088,13740
2023-11-14 13:54:57,63,64,5088,13740
2023-11-14 13:54:59,63,65,5088,13740
2023-11-14 13:55:02,62,65,5088,13740
2023-11-14 13:55:04,63,65,5088,13740
2023-11-14 13:55:13,63,66,5088,13740
2023-11-14 13:55:16,64,66,5088,13740
2023-11-14 13:55:23,63,66,5088,13740
2023-11-14 13:55:30,64,66,5088,13740
2023-11-14 13:55:30,63,66,5088,13740
2023-11-14 13:55:31,64,66,5088,13740
2023-11-14 13:55:33,63,66,5088,13740
2023-11-14 13:55:33,64,66,5088,13740
2023-11-14 13:55:34,63,66,5088,13740
2023-11-14 13:55:34,63,65,5088,13740
2023-11-14 13:55:39,64,65,5088,13740
2023-11-14 13:55:39,64,66,5088,13740
2023-11-14 13:55:47,64,67,5088,13740
2023-11-14 13:56:01,65,67,5088,13740
2023-11-14 13:56:28,66,67,5088,13740
2023-11-14 13:56:33,65,67,5088,13740
2023-11-14 13:56:35,64,67,5088,13740
2023-11-14 13:56:36,65,67,5088,13740
2023-11-14 13:56:47,64,67,5088,13740
2023-11-14 13:56:48,63,67,5088,13740
2023-11-14 13:56:49,64,67,5088,13740
2023-11-14 13:57:10,64,66,5088,13740
2023-11-14 13:57:11,64,67,5088,13740
2023-11-14 13:57:11,65,67,5088,13740
2023-11-14 13:57:12,64,67,5088,13740
2023-11-14 13:57:12,64,66,5088,13740
2023-11-14 13:57:18,64,67,5088,13740
2023-11-14 13:57:18,64,66,5088,13740
2023-11-14 13:57:20,64,67,5088,13740
2023-11-14 13:57:20,64,66,5088,13740
2023-11-14 13:57:21,64,67,5088,13740
2023-11-14 13:57:23,65,67,5088,13740
2023-11-14 13:57:24,64,67,5088,13740
2023-11-14 13:57:25,65,67,5088,13740
2023-11-14 13:58:01,64,67,5088,13740
2023-11-14 13:58:11,65,67,5088,13740
2023-11-14 13:58:28,64,67,5088,13740
2023-11-14 13:58:51,65,67,5088,13740
2023-11-14 13:58:53,64,67,5088,13740
2023-11-14 13:58:58,65,67,5088,13740
2023-11-14 13:58:59,66,67,5088,13740
2023-11-14 13:58:59,66,68,5088,13740
2023-11-14 13:59:00,67,68,5088,13740
2023-11-14 13:59:00,67,69,5088,13740
2023-11-14 13:59:00,68,70,5088,13740
2023-11-14 13:59:14,68,70,5088,13769
2023-11-14 13:59:21,68,71,5088,13769
2023-11-14 13:59:21,69,71,5088,13769
2023-11-14 13:59:57,69,72,5088,13769
2023-11-14 14:00:00,70,72,5088,13769
2023-11-14 14:00:15,70,73,5088,13769
2023-11-14 14:00:20,71,73,5088,13769
2023-11-14 14:00:36,72,73,5088,13769
2023-11-14 14:01:04,72,73,5089,13770
2023-11-14 14:01:19,71,73,5089,13770
2023-11-14 14:01:41,70,73,5089,13770
2023-11-14 14:02:41,71,73,5089,13770
2023-11-14 14:03:15,72,73,5089,13770
2023-11-14 14:04:27,71,73,5089,13770
2023-11-14 14:04:32,72,73,5089,13770
2023-11-14 14:04:41,71,73,5089,13770
2023-11-14 14:04:51,71,73,5089,13789
2023-11-14 14:05:33,72,73,5089,13789
2023-11-14 14:06:22,71,73,5089,13789
2023-11-14 14:06:50,71,73,4909,13969
2023-11-14 14:06:51,72,73,4909,13969
2023-11-14 14:07:13,71,73,4909,13969
2023-11-14 14:07:59,71,73,4923,13983
2023-11-14 14:08:08,71,72,4923,13983
2023-11-14 14:08:12,71,72,4983,14043
2023-11-14 14:08:12,70,72,4983,14043
2023-11-14 14:08:33,70,72,5036,14096
2023-11-14 14:08:46,70,71,5036,14096
2023-11-14 14:09:50,70,71,5089,14149
2023-11-14 14:09:51,70,71,5142,14202
2023-11-14 14:09:53,70,71,5202,14262
2023-11-14 14:09:54,70,71,5216,14276
2023-11-14 14:10:03,70,72,5216,14276
2023-11-14 14:10:03,71,72,5216,14276
2023-11-14 14:10:19,70,72,5216,14276
2023-11-14 14:10:19,71,72,5216,14276
2023-11-14 14:10:23,70,72,5216,14276
2023-11-14 14:10:23,71,72,5216,14276
2023-11-14 14:10:24,70,72,5216,14276
2023-11-14 14:10:24,70,71,5216,14276
2023-11-14 14:10:42,70,72,5142,14350
2023-11-14 14:10:43,71,72,5142,14350
2023-11-14 14:10:50,71,72,5142,14370
2023-11-14 14:10:52,70,72,5142,14370
2023-11-14 14:11:14,70,72,5202,14430
2023-11-14 14:11:21,70,72,5252,14480
2023-11-14 14:11:22,70,71,5252,14480
2023-11-14 14:11:23,70,71,5309,14597
2023-11-14 14:11:23,69,71,5309,14597
2023-11-14 14:11:25,70,71,5309,14597
2023-11-14 14:11:33,69,71,5309,14597
2023-11-14 14:12:47,69,70,5309,14597
2023-11-14 14:14:27,69,70,5309,14622
2023-11-14 14:15:32,69,71,5309,14622
2023-11-14 14:15:43,69,70,5309,14622
2023-11-14 14:15:46,69,71,5309,14622
2023-11-14 14:15:47,69,70,5309,14622
2023-11-14 14:15:50,69,71,5309,14622
2023-11-14 14:16:16,69,72,5309,14622
2023-11-14 14:16:16,69,71,5309,14622
2023-11-14 14:16:36,70,71,5309,14622
2023-11-14 14:16:37,70,72,5309,14622
2023-11-14 14:17:04,71,72,5309,14622
2023-11-14 14:17:06,70,72,5309,14622
2023-11-14 14:17:09,71,72,5309,14622
2023-11-14 14:17:23,70,72,5309,14622
2023-11-14 14:17:23,71,72,5309,14622
2023-11-14 14:17:26,70,72,5309,14622
2023-11-14 14:17:26,71,72,5309,14622
2023-11-14 14:17:35,71,72,5309,14630
2023-11-14 14:17:39,70,72,5309,14630
2023-11-14 14:18:01,71,72,5309,14630
2023-11-14 14:18:02,70,72,5309,14630
2023-11-14 14:18:02,71,72,5309,14630
2023-11-14 14:18:05,70,72,5309,14630
2023-11-14 14:18:16,69,72,5309,14630
2023-11-14 14:18:16,70,72,5309,14630
2023-11-14 14:18:22,69,72,5309,14630
2023-11-14 14:18:22,70,72,5309,14630
2023-11-14 14:18:57,71,72,5309,14630
2023-11-14 14:18:58,70,72,5309,14630
2023-11-14 14:18:58,71,72,5309,14630
2023-11-14 14:19:02,71,73,5309,14630
2023-11-14 14:19:05,70,73,5309,14630
2023-11-14 14:19:05,71,73,5309,14630
2023-11-14 14:20:57,71,72,5309,14630
2023-11-14 14:21:06,71,73,5309,14630
2023-11-14 14:21:08,71,72,5309,14630
2023-11-14 14:21:09,71,73,5309,14630
2023-11-14 14:21:11,71,72,5309,14630
2023-11-14 14:21:12,71,73,5309,14630
2023-11-14 14:21:12,71,72,5309,14630
2023-11-14 14:21:14,71,73,5309,14630
2023-11-14 14:21:14,71,72,5309,14630
2023-11-14 14:21:16,71,73,5309,14630
2023-11-14 14:21:16,71,72,5309,14630
2023-11-14 14:21:17,71,73,5309,14630
2023-11-14 14:21:19,71,72,5309,14630
2023-11-14 14:21:20,71,73,5309,14630
2023-11-14 14:21:25,71,72,5309,14630
2023-11-14 14:21:25,71,73,5309,14630
2023-11-14 14:21:27,71,72,5309,14630
2023-11-14 14:21:39,71,73,5309,14630
2023-11-14 14:21:40,71,72,5309,14630
2023-11-14 14:21:44,71,73,5309,14630
2023-11-14 14:22:18,71,72,5309,14630
2023-11-14 14:22:22,71,73,5309,14630
2023-11-14 14:23:32,72,73,5309,14630
2023-11-14 14:23:33,71,73,5309,14630
2023-11-14 14:23:34,72,73,5309,14630
2023-11-14 14:23:46,71,73,5309,14630
2023-11-14 14:23:46,72,73,5309,14630
2023-11-14 14:24:43,71,73,5309,14630
2023-11-14 14:24:43,72,73,5309,14630
2023-11-14 14:24:54,70,73,5309,14630
2023-11-14 14:24:54,72,73,5309,14630
2023-11-14 14:24:54,70,73,5309,14630
2023-11-14 14:24:54,72,73,5309,14630
2023-11-14 14:24:54,70,73,5309,14630
2023-11-14 14:24:54,72,73,5309,14630
2023-11-14 14:24:54,70,73,5309,14630
2023-11-14 14:24:54,71,73,5309,14630
2023-11-14 14:24:54,72,73,5309,14630
2023-11-14 14:24:55,71,73,5309,14630
2023-11-14 14:24:55,70,73,5309,14630
2023-11-14 14:24:55,72,73,5309,14630
2023-11-14 14:25:16,71,73,5309,14630
2023-11-14 14:25:16,72,73,5309,14630
2023-11-14 14:25:27,73,74,5308,14631
2023-11-14 14:25:36,73,74,5116,14831
2023-11-14 14:25:40,71,74,5116,14831
2023-11-14 14:25:40,73,74,5116,14831
2023-11-14 14:27:00,71,74,5116,14831
2023-11-14 14:27:00,73,74,5116,14831
2023-11-14 14:27:00,72,74,5116,14831
2023-11-14 14:27:00,73,74,5116,14831
2023-11-14 14:27:37,72,74,5116,14831
2023-11-14 14:27:41,71,74,5116,14831
2023-11-14 14:27:43,71,73,5116,14831
2023-11-14 14:27:44,70,73,5116,14831
2023-11-14 14:27:47,70,72,5116,14831
2023-11-14 14:28:02,70,73,5116,14831
2023-11-14 14:28:04,71,73,5116,14831
2023-11-14 14:28:22,70,73,5116,14831
2023-11-14 14:28:22,71,73,5116,14831
2023-11-14 14:28:26,70,73,5116,14831
2023-11-14 14:28:26,71,73,5116,14831
2023-11-14 14:28:29,72,73,5116,14831
2023-11-14 14:28:31,70,73,5116,14831
2023-11-14 14:28:32,71,73,5116,14831
2023-11-14 14:28:32,72,73,5116,14831
2023-11-14 14:28:38,71,73,5116,14831
2023-11-14 14:28:39,72,73,5116,14831
2023-11-14 14:28:40,71,73,5116,14831
2023-11-14 14:28:42,70,73,5116,14831
2023-11-14 14:28:43,71,73,5116,14831
2023-11-14 14:28:45,70,73,5116,14831
2023-11-14 14:28:45,71,73,5116,14831
2023-11-14 14:28:48,71,72,5116,14831
2023-11-14 14:28:49,71,73,5116,14831
2023-11-14 14:28:50,71,72,5116,14831
2023-11-14 14:28:55,71,73,5116,14831
2023-11-14 14:28:59,71,72,5116,14831
2023-11-14 14:29:04,70,72,5116,14831
2023-11-14 14:29:04,71,72,5116,14831
2023-11-14 14:29:07,70,72,5116,14831
2023-11-14 14:29:08,70,71,5116,14831
2023-11-14 14:29:14,69,71,5116,14831
2023-11-14 14:29:15,70,71,5116,14831
2023-11-14 14:29:17,70,71,5296,15011
2023-11-14 14:29:19,69,71,5296,15011
2023-11-14 14:29:20,70,71,5296,15011
2023-11-14 14:29:36,69,71,5296,15011
2023-11-14 14:29:36,70,71,5296,15011
2023-11-14 14:29:39,69,70,5296,15132
2023-11-14 14:29:39,68,70,5296,15132
2023-11-14 14:29:41,68,70,5296,15132
2023-11-14 14:29:42,68,71,5296,15132
2023-11-14 14:29:42,69,71,5296,15132
2023-11-14 14:30:09,68,71,5296,15132
2023-11-14 14:30:12,68,70,5296,15132
2023-11-14 14:30:13,68,71,5296,15132
2023-11-14 14:30:17,67,71,5296,15132
2023-11-14 14:30:17,67,70,5296,15132
2023-11-14 14:30:17,66,70,5296,15132
2023-11-14 14:30:18,67,70,5296,15132
2023-11-14 14:30:19,66,70,5296,15132
2023-11-14 14:30:23,67,70,5296,15132
2023-11-14 14:30:25,67,71,5296,15132
2023-11-14 14:30:26,67,70,5296,15132
2023-11-14 14:30:29,66,70,5296,15132
2023-11-14 14:30:31,66,69,5296,15132
2023-11-14 14:30:33,66,70,5296,15132
2023-11-14 14:30:34,66,69,5296,15132
2023-11-14 14:30:41,65,69,5296,15132
2023-11-14 14:30:41,65,68,5296,15132
2023-11-14 14:30:45,65,69,5296,15132
2023-11-14 14:30:53,65,68,5296,15132
2023-11-14 14:31:01,65,69,5296,15132
2023-11-14 14:31:02,65,68,5296,15132
2023-11-14 14:31:05,65,67,5296,15132
2023-11-14 14:31:10,64,67,5296,15132
2023-11-14 14:31:16,64,66,5296,15132
2023-11-14 14:31:17,64,67,5296,15132
2023-11-14 14:31:19,64,66,5296,15132
2023-11-14 14:31:20,63,66,5296,15132
2023-11-14 14:31:24,62,66,5296,15132
2023-11-14 14:31:24,62,65,5296,15132
2023-11-14 14:31:25,62,66,5296,15132
2023-11-14 14:31:35,62,65,5296,15132
2023-11-14 14:31:36,62,66,5296,15132
2023-11-14 14:31:39,62,65,5296,15132
2023-11-14 14:31:40,62,66,5296,15132
2023-11-14 14:31:42,63,66,5296,15132
2023-11-14 14:31:45,63,67,5296,15132
2023-11-14 14:31:57,62,67,5296,15132
2023-11-14 14:31:58,62,65,5296,15132
2023-11-14 14:31:58,61,65,5296,15332
2023-11-14 14:31:59,60,65,5296,15332
2023-11-14 14:31:59,60,63,5296,15332
2023-11-14 14:31:59,61,63,5296,15332
2023-11-14 14:31:59,60,63,5296,15332
2023-11-14 14:32:12,59,63,5296,15332
2023-11-14 14:32:12,59,62,5296,15332
2023-11-14 14:32:24,58,62,5296,15332
2023-11-14 14:32:31,59,62,5296,15332
2023-11-14 14:32:35,59,63,5296,15332
2023-11-14 14:32:35,60,63,5296,15332
2023-11-14 14:32:47,60,65,5296,15332
2023-11-14 14:32:47,61,65,5296,15332
2023-11-14 14:32:58,61,66,5296,15332
2023-11-14 14:32:58,62,66,5296,15332
2023-11-14 14:33:02,62,65,5296,15332
2023-11-14 14:33:02,61,65,5296,15332
2023-11-14 14:33:07,61,64,5296,15332
2023-11-14 14:33:11,61,65,5296,15332
2023-11-14 14:33:11,61,64,5296,15332
2023-11-14 14:33:13,61,65,5296,15332
2023-11-14 14:33:13,61,64,5296,15332
2023-11-14 14:33:14,61,65,5296,15332
2023-11-14 14:33:17,61,64,5296,15332
2023-11-14 14:33:18,60,64,5296,15332
2023-11-14 14:33:25,59,64,5296,15332
2023-11-14 14:33:27,59,63,5296,15332
2023-11-14 14:33:28,59,64,5296,15332
2023-11-14 14:33:30,60,64,5296,15332
2023-11-14 14:33:31,59,64,5296,15332
2023-11-14 14:33:31,59,63,5296,15332
2023-11-14 14:33:38,60,63,5296,15332
2023-11-14 14:33:38,60,64,5296,15332
2023-11-14 14:33:41,60,63,5296,15332
2023-11-14 14:33:42,60,62,5296,15332
2023-11-14 14:33:52,59,62,5296,15332
2023-11-14 14:33:54,58,62,5296,15332
2023-11-14 14:34:04,59,62,5296,15332
2023-11-14 14:34:05,58,62,5296,15332
2023-11-14 14:34:05,59,62,5296,15332
2023-11-14 14:34:06,58,62,5296,15332
2023-11-14 14:34:06,59,62,5296,15332
2023-11-14 14:34:07,58,62,5296,15332
2023-11-14 14:34:07,58,61,5296,15332
2023-11-14 14:34:07,59,61,5296,15332
2023-11-14 14:34:08,58,61,5296,15332
2023-11-14 14:34:11,56,61,5296,15532
2023-11-14 14:34:12,56,59,5296,15532
2023-11-14 14:34:13,56,61,5296,15532
2023-11-14 14:34:14,56,60,5296,15532
2023-11-14 14:34:30,56,61,5296,15532
2023-11-14 14:34:31,56,62,5296,15532
2023-11-14 14:34:31,57,62,5296,15532
2023-11-14 14:34:35,58,62,5296,15532
2023-11-14 14:34:37,57,62,5296,15532
2023-11-14 14:34:48,58,62,5296,15532
2023-11-14 14:34:50,58,63,5296,15532
2023-11-14 14:34:53,58,62,5296,15532
2023-11-14 14:34:54,59,62,5296,15532
2023-11-14 14:34:54,59,61,5296,15532
2023-11-14 14:35:01,58,61,5296,15532
2023-11-14 14:35:03,58,60,5296,15532
2023-11-14 14:35:04,58,61,5296,15532
2023-11-14 14:35:14,59,61,5296,15532
2023-11-14 14:35:14,59,62,5296,15532
2023-11-14 14:35:14,59,62,5296,15532
2023-11-14 14:35:16,59,63,5296,15532
2023-11-14 14:35:21,59,62,5296,15532
2023-11-14 14:35:21,58,62,5296,15532
2023-11-14 14:35:26,57,62,5296,15532
2023-11-14 14:35:27,58,62,5296,15532
2023-11-14 14:35:29,58,61,5296,15532
2023-11-14 14:35:30,58,62,5296,15532
2023-11-14 14:35:31,58,61,5296,15532
2023-11-14 14:35:41,58,62,5296,15532
2023-11-14 14:35:41,57,62,5296,15532
2023-11-14 14:35:41,58,62,5296,15532
2023-11-14 14:35:41,58,61,5296,15532
2023-11-14 14:35:45,57,61,5296,15532
2023-11-14 14:35:45,58,61,5296,15532
2023-11-14 14:35:45,58,60,5296,15532
2023-11-14 14:35:55,58,61,5296,15532
2023-11-14 14:35:56,59,61,5296,15532
2023-11-14 14:36:01,58,61,5296,15532
2023-11-14 14:36:02,58,60,5296,15532
2023-11-14 14:36:03,58,62,5296,15532
2023-11-14 14:36:03,57,62,5296,15532
2023-11-14 14:36:03,58,62,5296,15532
2023-11-14 14:36:03,58,61,5296,15532
2023-11-14 14:36:03,58,60,5296,15532
2023-11-14 14:36:03,58,61,5296,15532
2023-11-14 14:36:03,58,60,5296,15532
2023-11-14 14:36:06,58,61,5296,15532
2023-11-14 14:36:06,57,61,5296,15532
2023-11-14 14:36:06,58,61,5296,15532
2023-11-14 14:36:06,58,60,5296,15532
2023-11-14 14:36:06,57,60,5296,15532
2023-11-14 14:36:07,57,61,5296,15532
2023-11-14 14:36:07,58,61,5296,15532
2023-11-14 14:36:11,57,61,5296,15532
2023-11-14 14:36:11,57,62,5296,15532
2023-11-14 14:36:12,58,62,5296,15532
2023-11-14 14:36:12,58,61,5296,15532
2023-11-14 14:36:14,57,61,5296,15532
2023-11-14 14:36:14,57,60,5296,15532
2023-11-14 14:36:16,56,60,5296,15532
2023-11-14 14:36:19,56,61,5296,15532
2023-11-14 14:36:23,57,61,5296,15532
2023-11-14 14:36:26,57,60,5296,15532
2023-11-14 14:36:27,57,61,5296,15532
2023-11-14 14:36:28,58,61,5296,15532
2023-11-14 14:36:32,58,63,5296,15532
2023-11-14 14:36:32,58,62,5296,15532
2023-11-14 14:36:33,58,63,5296,15532
2023-11-14 14:36:34,58,62,5296,15532
2023-11-14 14:36:35,58,63,5296,15532
2023-11-14 14:36:36,59,63,5296,15532
2023-11-14 14:36:39,58,63,5296,15532
2023-11-14 14:36:41,58,62,5296,15532
2023-11-14 14:36:42,58,63,5296,15532
2023-11-14 14:36:42,58,62,5296,15532
2023-11-14 14:36:48,58,61,5296,15532
2023-11-14 14:36:48,57,61,5296,15532
2023-11-14 14:36:53,56,61,5296,15532
2023-11-14 14:36:54,56,60,5296,15532
2023-11-14 14:36:55,56,61,5296,15532
2023-11-14 14:36:57,57,61,5296,15532
2023-11-14 14:37:00,56,61,5296,15532
2023-11-14 14:37:04,56,60,5296,15532
2023-11-14 14:37:05,56,61,5296,15532
2023-11-14 14:37:06,57,61,5296,15532
2023-11-14 14:37:12,57,60,5296,15532
2023-11-14 14:37:13,57,59,5296,15532
2023-11-14 14:37:16,56,59,5296,15532
2023-11-14 14:37:21,56,61,5296,15532
2023-11-14 14:37:21,56,59,5296,15532
