datetime,bid,ask,open_interest,volume
2023-09-06 09:30:13,28,40,226,256
2023-09-06 09:30:28,21,39,226,256
2023-09-06 09:31:00,34,39,226,256
2023-09-06 09:31:46,35,36,226,256
2023-09-06 09:32:42,34,36,426,456
2023-09-06 09:32:53,34,37,426,456
2023-09-06 09:32:56,34,36,426,456
2023-09-06 09:33:05,34,37,426,456
2023-09-06 09:33:44,34,36,426,456
2023-09-06 09:38:15,35,36,426,456
2023-09-06 09:38:40,35,37,426,456
2023-09-06 09:42:29,34,35,626,656
2023-09-06 09:42:35,34,37,641,671
2023-09-06 09:42:52,35,37,641,671
2023-09-06 09:43:45,36,37,641,671
2023-09-06 09:43:49,35,37,641,671
2023-09-06 09:45:41,34,37,641,671
2023-09-06 09:45:54,35,37,641,671
2023-09-06 09:46:07,35,38,641,671
2023-09-06 09:46:07,36,38,641,671
2023-09-06 09:50:00,36,38,797,827
2023-09-06 09:51:36,35,38,797,827
2023-09-06 09:51:42,35,37,797,827
2023-09-06 09:52:22,35,37,897,927
2023-09-06 09:52:23,35,36,897,927
2023-09-06 09:52:23,35,37,897,927
2023-09-06 09:52:30,34,37,897,927
2023-09-06 09:52:30,35,37,897,927
2023-09-06 09:52:31,34,37,897,927
2023-09-06 09:52:37,35,37,897,927
2023-09-06 09:53:56,35,38,897,927
2023-09-06 09:54:07,35,37,897,927
2023-09-06 09:54:28,35,38,897,927
2023-09-06 09:54:32,35,37,897,927
2023-09-06 09:54:45,35,38,897,927
2023-09-06 09:55:09,36,38,897,927
2023-09-06 09:55:36,37,38,897,927
2023-09-06 09:56:27,37,39,897,927
2023-09-06 09:59:00,37,40,1297,1727
2023-09-06 09:59:00,38,40,1297,1727
2023-09-06 10:00:00,39,40,1297,1727
2023-09-06 10:00:00,38,39,1497,2261
2023-09-06 10:00:00,38,40,1497,2261
2023-09-06 10:00:01,39,40,1497,2261
2023-09-06 10:00:02,39,40,1497,2321
2023-09-06 10:00:08,38,40,1497,2327
2023-09-06 10:00:14,38,40,1611,2441
2023-09-06 10:00:16,38,40,1711,2541
2023-09-06 10:00:16,38,40,1771,2601
2023-09-06 10:00:16,38,40,1807,2637
2023-09-06 10:00:17,38,39,1807,2637
2023-09-06 10:00:17,37,39,1807,2637
2023-09-06 10:00:23,37,38,1807,2637
2023-09-06 10:00:23,37,39,1807,2637
2023-09-06 10:00:34,37,40,1807,2637
2023-09-06 10:00:40,38,40,1807,2637
2023-09-06 10:00:42,37,40,1807,2637
2023-09-06 10:00:44,38,40,1807,2637
2023-09-06 10:00:51,37,40,1807,2637
2023-09-06 10:01:04,37,39,1807,2637
2023-09-06 10:01:31,37,40,1807,2637
2023-09-06 10:01:37,37,39,1807,2637
2023-09-06 10:02:05,37,38,1807,2637
2023-09-06 10:02:05,36,38,1807,2637
2023-09-06 10:02:08,36,37,1807,2637
2023-09-06 10:02:11,35,37,1807,2637
2023-09-06 10:02:34,35,36,1807,2637
2023-09-06 10:02:38,34,36,1807,2637
2023-09-06 10:02:54,34,37,1807,2637
2023-09-06 10:02:57,35,37,1807,2637
2023-09-06 10:02:59,34,37,1807,2637
2023-09-06 10:03:01,35,37,1807,2637
2023-09-06 10:03:05,34,37,1807,2637
2023-09-06 10:03:09,35,37,1807,2637
2023-09-06 10:03:28,35,38,1807,2837
2023-09-06 10:03:28,36,38,1807,2837
2023-09-06 10:03:52,35,38,1807,2837
2023-09-06 10:03:55,35,37,1807,2837
2023-09-06 10:03:55,35,37,1857,3087
2023-09-06 10:03:55,36,37,1857,3087
2023-09-06 10:03:57,36,38,1857,3087
2023-09-06 10:04:13,35,38,2112,3392
2023-09-06 10:04:21,35,37,2112,3392
2023-09-06 10:04:22,34,37,2112,3392
2023-09-06 10:04:24,35,37,2112,3392
2023-09-06 10:04:30,34,37,2112,3392
2023-09-06 10:04:31,34,36,2112,3392
2023-09-06 10:04:32,34,37,2112,3592
2023-09-06 10:04:32,34,36,2112,3592
2023-09-06 10:04:34,34,37,2112,3592
2023-09-06 10:04:37,34,36,2112,3592
2023-09-06 10:04:37,34,37,2112,3592
2023-09-06 10:04:39,34,36,2112,3592
2023-09-06 10:04:43,34,35,2112,3592
2023-09-06 10:04:57,33,35,2112,3592
2023-09-06 10:05:01,32,35,2112,3592
2023-09-06 10:05:01,32,34,2112,3592
2023-09-06 10:05:08,32,34,2312,3792
2023-09-06 10:05:15,31,34,2312,3792
2023-09-06 10:05:15,31,33,2312,3792
2023-09-06 10:05:25,31,32,2312,3792
2023-09-06 10:05:25,31,32,2512,3992
2023-09-06 10:05:25,31,33,2512,3992
2023-09-06 10:05:28,31,34,2512,3992
2023-09-06 10:05:29,31,33,2512,3992
2023-09-06 10:05:29,31,33,2512,4002
2023-09-06 10:05:32,31,34,2512,4202
2023-09-06 10:05:36,31,32,2512,4202
2023-09-06 10:05:37,31,34,2512,4372
2023-09-06 10:05:38,32,34,2512,4372
2023-09-06 10:05:41,32,35,2512,4372
2023-09-06 10:05:44,32,34,2512,4372
2023-09-06 10:05:45,32,35,2512,4372
2023-09-06 10:05:48,32,34,2512,4372
2023-09-06 10:05:53,31,34,2512,4372
2023-09-06 10:06:04,31,33,2512,4372
2023-09-06 10:06:05,30,33,2512,4372
2023-09-06 10:06:06,30,32,2512,4372
2023-09-06 10:06:07,30,33,2512,4372
2023-09-06 10:06:08,30,32,2512,4372
2023-09-06 10:06:08,30,31,2512,4372
2023-09-06 10:06:08,30,32,2512,4372
2023-09-06 10:06:12,30,31,2512,4372
2023-09-06 10:06:12,30,32,2512,4372
2023-09-06 10:06:16,30,31,2512,4372
2023-09-06 10:06:18,30,31,2562,4422
2023-09-06 10:06:18,30,32,2562,4422
2023-09-06 10:06:18,30,31,2562,4422
2023-09-06 10:06:20,30,32,2562,4422
2023-09-06 10:06:21,30,31,2562,4422
2023-09-06 10:06:26,29,31,2562,4422
2023-09-06 10:06:28,29,30,2562,4422
2023-09-06 10:06:43,28,30,2562,4422
2023-09-06 10:06:49,29,30,2562,4422
2023-09-06 10:06:50,29,31,2562,4422
2023-09-06 10:07:06,30,31,2562,4422
2023-09-06 10:07:13,30,33,2562,4422
2023-09-06 10:07:13,30,32,2562,4422
2023-09-06 10:07:35,31,32,2562,4422
2023-09-06 10:07:39,31,34,2562,4422
2023-09-06 10:07:39,31,35,2562,4422
2023-09-06 10:07:39,31,33,2562,4422
2023-09-06 10:07:40,32,33,2562,4422
2023-09-06 10:07:50,31,33,2562,4422
2023-09-06 10:07:56,31,34,2562,4472
2023-09-06 10:08:09,31,35,2562,4472
2023-09-06 10:08:09,32,35,2562,4472
2023-09-06 10:08:09,32,34,2562,4472
2023-09-06 10:08:17,32,35,2562,4472
2023-09-06 10:08:17,32,34,2562,4472
2023-09-06 10:08:17,32,35,2562,4472
2023-09-06 10:08:28,32,34,2562,4472
2023-09-06 10:08:32,31,34,2562,4472
2023-09-06 10:08:42,32,34,2562,4472
2023-09-06 10:08:50,32,35,2562,4472
2023-09-06 10:08:50,32,34,2562,4472
2023-09-06 10:08:50,32,35,2562,4472
2023-09-06 10:09:02,34,35,2562,4472
2023-09-06 10:09:26,32,34,2562,4537
2023-09-06 10:09:27,32,35,2562,4537
2023-09-06 10:09:28,32,34,2562,4537
2023-09-06 10:09:34,32,35,2562,4537
2023-09-06 10:09:42,32,34,2562,4537
2023-09-06 10:09:47,32,35,2562,4537
2023-09-06 10:09:54,32,34,2562,4537
2023-09-06 10:09:58,32,33,2562,4537
2023-09-06 10:10:09,32,34,2562,4537
2023-09-06 10:10:12,31,34,2562,4537
2023-09-06 10:10:21,31,33,2562,4537
2023-09-06 10:10:27,31,34,2562,4537
2023-09-06 10:10:31,31,35,2562,4537
2023-09-06 10:10:31,32,35,2562,4537
2023-09-06 10:10:31,32,34,2562,4537
2023-09-06 10:10:33,32,35,2562,4537
2023-09-06 10:10:36,33,35,2562,4537
2023-09-06 10:10:38,32,35,2562,4537
2023-09-06 10:10:41,32,34,2562,4537
2023-09-06 10:10:42,32,35,2562,4537
2023-09-06 10:10:43,32,34,2562,4537
2023-09-06 10:10:45,31,34,2562,4537
2023-09-06 10:10:46,31,33,2562,4537
2023-09-06 10:10:46,31,32,2562,4537
2023-09-06 10:10:48,31,34,2562,4537
2023-09-06 10:10:48,31,34,2562,4537
2023-09-06 10:10:52,31,33,2562,4537
2023-09-06 10:10:57,30,33,2562,4537
2023-09-06 10:11:10,30,32,2562,4537
2023-09-06 10:11:10,30,31,2562,4537
2023-09-06 10:11:11,30,32,2562,4537
2023-09-06 10:11:12,30,33,2562,4537
2023-09-06 10:11:13,31,33,2562,4537
2023-09-06 10:11:18,31,34,2562,4537
2023-09-06 10:11:21,31,33,2562,4537
2023-09-06 10:11:26,30,33,2562,4537
2023-09-06 10:11:27,30,32,2562,4537
2023-09-06 10:11:34,30,33,2562,4537
2023-09-06 10:11:45,31,33,2562,4537
2023-09-06 10:11:46,31,32,2562,4537
2023-09-06 10:11:47,31,33,2562,4537
2023-09-06 10:11:50,30,33,2562,4537
2023-09-06 10:11:50,30,32,2562,4537
2023-09-06 10:12:03,30,33,2562,4537
2023-09-06 10:12:05,30,32,2562,4537
2023-09-06 10:12:07,30,31,2562,4537
2023-09-06 10:12:10,29,31,2562,4537
2023-09-06 10:12:12,29,32,2562,4537
2023-09-06 10:12:20,29,31,2562,4537
2023-09-06 10:12:47,29,32,2562,4537
2023-09-06 10:12:49,29,31,2562,4537
2023-09-06 10:13:08,29,30,2562,4537
2023-09-06 10:13:09,29,31,2562,4537
2023-09-06 10:13:14,29,31,2668,4643
2023-09-06 10:13:14,29,30,2668,4643
2023-09-06 10:13:14,29,31,2668,4643
2023-09-06 10:13:19,28,31,2668,4643
2023-09-06 10:13:19,28,30,2668,4643
2023-09-06 10:13:23,28,29,2668,4643
2023-09-06 10:13:23,27,29,2668,4643
2023-09-06 10:13:43,27,30,2668,4643
2023-09-06 10:13:43,28,30,2668,4643
2023-09-06 10:13:46,28,31,2668,4643
2023-09-06 10:13:46,29,31,2668,4643
2023-09-06 10:13:52,28,31,2668,4643
2023-09-06 10:13:55,29,31,2668,4643
2023-09-06 10:14:01,28,31,2668,4643
2023-09-06 10:14:02,28,30,2668,4643
2023-09-06 10:14:04,28,31,2668,4643
2023-09-06 10:14:05,28,30,2668,4643
2023-09-06 10:14:08,28,31,2668,4643
2023-09-06 10:14:11,28,30,2668,4643
2023-09-06 10:14:12,28,29,2668,4643
2023-09-06 10:14:12,27,29,2668,4643
2023-09-06 10:14:32,27,30,2668,4643
2023-09-06 10:14:38,27,31,2668,4643
2023-09-06 10:14:38,28,31,2668,4643
2023-09-06 10:14:47,28,30,2668,4643
2023-09-06 10:14:54,27,30,2668,4643
2023-09-06 10:15:01,28,30,2668,4643
2023-09-06 10:15:08,28,31,2668,4643
2023-09-06 10:15:09,29,31,2668,4643
2023-09-06 10:15:24,28,31,2668,4643
2023-09-06 10:15:24,28,30,2668,4643
2023-09-06 10:15:25,29,30,2668,4643
2023-09-06 10:15:25,29,31,2668,4643
2023-09-06 10:15:31,30,31,2668,4643
2023-09-06 10:15:35,29,31,2668,4643
2023-09-06 10:15:35,29,32,2668,4643
2023-09-06 10:15:37,30,32,2668,4643
2023-09-06 10:15:43,30,31,2668,4643
2023-09-06 10:15:51,30,32,2668,4643
2023-09-06 10:15:53,29,32,2668,4643
2023-09-06 10:15:53,29,31,2668,4643
2023-09-06 10:15:54,30,31,2668,4643
2023-09-06 10:15:58,29,31,2668,4643
2023-09-06 10:15:58,29,32,2668,4643
2023-09-06 10:15:59,30,32,2668,4643
2023-09-06 10:16:02,30,33,2668,4643
2023-09-06 10:16:02,30,32,2668,4643
2023-09-06 10:16:02,30,33,2668,4643
2023-09-06 10:16:03,31,33,2668,4643
2023-09-06 10:16:13,32,33,2668,4643
2023-09-06 10:16:15,32,34,2668,4643
2023-09-06 10:16:18,32,33,2668,4643
2023-09-06 10:16:21,32,34,2668,4643
2023-09-06 10:16:22,32,33,2668,4643
2023-09-06 10:16:26,32,34,2668,4643
2023-09-06 10:16:28,31,34,2668,4643
2023-09-06 10:16:31,32,34,2668,4643
2023-09-06 10:16:37,31,34,2668,4643
2023-09-06 10:16:38,32,34,2668,4643
2023-09-06 10:16:44,33,34,2668,4643
2023-09-06 10:16:47,33,35,2668,4643
2023-09-06 10:16:47,32,34,2668,4643
2023-09-06 10:16:48,33,34,2668,4643
2023-09-06 10:16:50,32,34,2668,4643
2023-09-06 10:16:50,32,35,2668,4643
2023-09-06 10:16:50,33,35,2668,4643
2023-09-06 10:16:51,34,35,2668,4643
2023-09-06 10:16:51,34,36,2668,4643
2023-09-06 10:17:04,33,36,2668,4643
2023-09-06 10:17:11,34,36,2668,4643
2023-09-06 10:17:43,34,36,2668,4673
2023-09-06 10:17:54,34,37,2668,4843
2023-09-06 10:17:54,35,37,2668,4843
2023-09-06 10:18:03,35,38,2668,5043
2023-09-06 10:18:04,36,38,2668,5043
2023-09-06 10:19:00,36,39,2668,5043
2023-09-06 10:19:03,37,39,2668,5043
2023-09-06 10:19:05,37,38,2668,5043
2023-09-06 10:19:05,37,39,2668,5043
2023-09-06 10:19:09,38,39,2668,5043
2023-09-06 10:19:22,37,39,2668,5043
2023-09-06 10:19:58,38,39,2668,5043
2023-09-06 10:20:03,38,40,2668,5043
2023-09-06 10:20:06,38,39,2668,5043
2023-09-06 10:20:11,37,39,2668,5043
2023-09-06 10:20:16,37,40,2668,5043
2023-09-06 10:20:17,38,40,2668,5043
2023-09-06 10:20:20,38,39,2668,5043
2023-09-06 10:20:26,38,40,2668,5043
2023-09-06 10:20:30,38,39,2668,5043
2023-09-06 10:20:37,38,40,2668,5043
2023-09-06 10:20:41,38,39,2668,5043
2023-09-06 10:20:44,37,39,2668,5043
2023-09-06 10:20:52,37,38,2668,5043
2023-09-06 10:20:52,37,39,2668,5043
2023-09-06 10:20:56,37,38,2668,5043
2023-09-06 10:20:58,37,39,2668,5043
2023-09-06 10:21:01,37,38,2668,5043
2023-09-06 10:21:02,37,39,2668,5043
2023-09-06 10:21:04,36,39,2668,5043
2023-09-06 10:21:04,36,38,2668,5043
2023-09-06 10:21:08,36,39,2668,5043
2023-09-06 10:21:09,36,38,2668,5043
2023-09-06 10:21:11,36,37,2668,5043
2023-09-06 10:21:12,36,38,2668,5043
2023-09-06 10:21:27,36,39,2668,5043
2023-09-06 10:22:01,37,39,2668,5043
2023-09-06 10:22:03,37,40,2668,5043
2023-09-06 10:22:04,37,39,2668,5043
2023-09-06 10:22:05,37,40,2668,5043
2023-09-06 10:22:13,37,39,2668,5043
2023-09-06 10:22:16,37,40,2668,5043
2023-09-06 10:22:20,37,39,2668,5043
2023-09-06 10:22:20,36,39,2668,5043
2023-09-06 10:22:23,36,38,2668,5043
2023-09-06 10:22:24,36,39,2668,5043
2023-09-06 10:22:27,36,38,2668,5043
2023-09-06 10:22:29,36,39,2668,5043
2023-09-06 10:22:33,36,38,2668,5043
2023-09-06 10:22:47,36,39,2668,5043
2023-09-06 10:22:47,36,38,2668,5043
2023-09-06 10:23:01,35,38,2868,5243
2023-09-06 10:23:08,35,37,2868,5243
2023-09-06 10:23:14,35,38,2868,5243
2023-09-06 10:23:18,35,37,2868,5243
2023-09-06 10:23:22,35,38,2868,5243
2023-09-06 10:23:37,35,37,2868,5243
2023-09-06 10:23:48,34,37,2868,5243
2023-09-06 10:23:50,34,36,2868,5243
2023-09-06 10:24:32,33,36,2868,5243
2023-09-06 10:24:32,33,35,2868,5243
2023-09-06 10:24:54,32,35,2868,5243
2023-09-06 10:25:05,32,34,2868,5243
2023-09-06 10:25:14,32,35,2868,5243
2023-09-06 10:25:14,33,35,2868,5243
2023-09-06 10:25:21,33,36,2868,5243
2023-09-06 10:25:21,34,36,2868,5243
2023-09-06 10:25:23,34,37,2868,5243
2023-09-06 10:25:23,35,37,2868,5243
2023-09-06 10:25:40,35,36,2868,5243
2023-09-06 10:25:40,34,36,2868,5243
2023-09-06 10:26:00,33,36,2868,5243
2023-09-06 10:26:07,34,36,2868,5243
2023-09-06 10:26:08,33,36,2868,5243
2023-09-06 10:26:10,34,36,2868,5243
2023-09-06 10:26:11,34,37,2868,5243
2023-09-06 10:26:20,34,36,2868,5243
2023-09-06 10:26:23,34,35,2868,5243
2023-09-06 10:26:23,33,35,2868,5243
2023-09-06 10:26:36,32,35,2868,5243
2023-09-06 10:26:47,32,34,2868,5243
2023-09-06 10:26:48,31,34,2868,5243
2023-09-06 10:26:50,32,34,2868,5243
2023-09-06 10:26:54,31,34,2868,5243
2023-09-06 10:26:54,31,33,2868,5243
2023-09-06 10:26:55,32,33,2868,5243
2023-09-06 10:26:56,31,33,2868,5243
2023-09-06 10:27:00,32,33,2868,5243
2023-09-06 10:27:09,31,33,2868,5243
2023-09-06 10:27:10,32,33,2868,5243
2023-09-06 10:27:17,32,33,2868,5273
2023-09-06 10:27:18,31,33,2868,5273
2023-09-06 10:27:18,32,33,2868,5273
2023-09-06 10:27:19,32,34,2868,5273
2023-09-06 10:27:21,32,35,2868,5273
2023-09-06 10:27:22,32,34,2868,5273
2023-09-06 10:27:33,32,33,2868,5273
2023-09-06 10:27:35,32,34,2868,5273
2023-09-06 10:27:36,32,33,2868,5273
2023-09-06 10:27:39,31,33,2868,5273
2023-09-06 10:27:41,32,33,2868,5273
2023-09-06 10:27:42,31,33,2868,5273
2023-09-06 10:27:55,31,34,2868,5273
2023-09-06 10:27:55,32,34,2868,5273
2023-09-06 10:28:06,31,34,2868,5273
2023-09-06 10:28:08,32,34,2868,5273
2023-09-06 10:28:19,33,34,2868,5273
2023-09-06 10:28:22,32,34,2868,5273
2023-09-06 10:28:40,31,34,2868,5273
2023-09-06 10:28:40,31,33,2868,5273
2023-09-06 10:28:43,31,32,2868,5273
2023-09-06 10:28:46,30,32,2868,5273
2023-09-06 10:28:47,31,32,2868,5273
2023-09-06 10:28:48,30,32,2868,5273
2023-09-06 10:28:48,30,31,2868,5273
2023-09-06 10:28:48,29,31,2868,5273
2023-09-06 10:28:50,30,31,2868,5273
2023-09-06 10:28:58,29,31,2868,5273
2023-09-06 10:29:08,30,31,2868,5273
2023-09-06 10:29:12,29,31,2868,5273
2023-09-06 10:29:14,30,31,2868,5273
2023-09-06 10:29:22,29,31,2868,5273
2023-09-06 10:29:23,30,31,2868,5273
2023-09-06 10:29:24,29,31,2868,5273
2023-09-06 10:29:25,30,31,2868,5273
2023-09-06 10:29:29,29,30,2868,5410
2023-09-06 10:29:30,29,31,2868,5410
2023-09-06 10:29:31,30,31,2868,5410
2023-09-06 10:29:34,28,31,2868,5410
2023-09-06 10:29:35,29,31,2868,5410
2023-09-06 10:29:51,29,30,2868,5410
2023-09-06 10:29:58,28,30,2868,5410
2023-09-06 10:30:01,28,29,2868,5410
2023-09-06 10:30:12,26,29,2868,5410
2023-09-06 10:30:12,26,28,2868,5410
2023-09-06 10:30:16,27,28,2868,5410
2023-09-06 10:30:18,26,28,2868,5410
2023-09-06 10:30:26,26,29,2868,5410
2023-09-06 10:30:28,26,28,2868,5410
2023-09-06 10:30:31,26,29,2868,5410
2023-09-06 10:30:33,27,29,2868,5410
2023-09-06 10:30:44,27,30,2868,5410
2023-09-06 10:30:45,28,30,2868,5410
2023-09-06 10:30:45,28,31,2868,5410
2023-09-06 10:30:47,29,31,2868,5410
2023-09-06 10:30:51,29,32,2868,5410
2023-09-06 10:30:53,29,31,2868,5410
2023-09-06 10:30:54,29,32,2868,5410
2023-09-06 10:30:56,30,32,2868,5410
2023-09-06 10:31:04,31,32,2868,5410
2023-09-06 10:31:12,31,33,2868,5410
2023-09-06 10:31:31,32,33,2868,5410
2023-09-06 10:31:35,31,33,2868,5410
2023-09-06 10:31:42,31,32,2868,5410
2023-09-06 10:31:43,31,33,2868,5410
2023-09-06 10:31:46,31,32,2868,5410
2023-09-06 10:31:48,31,33,2868,5410
2023-09-06 10:31:49,30,33,2868,5410
2023-09-06 10:31:50,31,33,2868,5410
2023-09-06 10:31:51,32,33,2868,5410
2023-09-06 10:31:54,31,32,2910,5567
2023-09-06 10:31:55,31,33,2910,5567
2023-09-06 10:31:56,32,33,2910,5567
2023-09-06 10:32:00,30,33,2910,5567
2023-09-06 10:32:00,30,32,2910,5567
2023-09-06 10:32:01,31,32,2910,5567
2023-09-06 10:32:02,31,33,2910,5567
2023-09-06 10:32:07,31,32,2910,5567
2023-09-06 10:32:09,31,33,2910,5567
2023-09-06 10:32:12,31,32,2910,5567
2023-09-06 10:32:16,30,32,2910,5567
2023-09-06 10:32:16,30,33,2910,5567
2023-09-06 10:32:17,31,33,2910,5567
2023-09-06 10:32:19,32,33,2910,5567
2023-09-06 10:32:32,32,34,2910,5567
2023-09-06 10:32:32,31,34,2910,5567
2023-09-06 10:32:33,32,34,2910,5567
2023-09-06 10:32:39,31,34,2910,5567
2023-09-06 10:32:40,32,34,2910,5567
2023-09-06 10:32:44,31,34,2910,5567
2023-09-06 10:32:52,31,33,2910,5567
2023-09-06 10:32:58,30,33,2910,5567
2023-09-06 10:33:01,31,33,2910,5567
2023-09-06 10:33:09,31,34,2910,5567
2023-09-06 10:33:10,32,34,2910,5567
2023-09-06 10:33:15,32,33,2910,5567
2023-09-06 10:33:22,31,33,2910,5567
2023-09-06 10:33:23,30,33,2910,5567
2023-09-06 10:33:24,31,33,2910,5567
2023-09-06 10:33:25,31,32,2910,5567
2023-09-06 10:33:28,30,32,2910,5567
2023-09-06 10:33:35,31,32,2910,5567
2023-09-06 10:33:39,30,32,2910,5567
2023-09-06 10:33:40,29,32,2910,5567
2023-09-06 10:33:42,30,32,2910,5567
2023-09-06 10:33:43,31,32,2910,5567
2023-09-06 10:34:01,29,32,2910,5567
2023-09-06 10:34:02,30,32,2910,5567
2023-09-06 10:34:03,31,32,2910,5567
2023-09-06 10:34:07,30,32,2910,5567
2023-09-06 10:34:07,30,33,2910,5567
2023-09-06 10:34:08,31,33,2910,5567
2023-09-06 10:34:09,32,33,2910,5567
2023-09-06 10:34:19,31,33,2910,5567
2023-09-06 10:34:20,32,33,2910,5567
2023-09-06 10:34:23,30,33,2910,5567
2023-09-06 10:34:24,31,33,2910,5567
2023-09-06 10:34:25,32,33,2910,5567
2023-09-06 10:34:29,31,33,2910,5567
2023-09-06 10:34:30,32,33,2910,5567
2023-09-06 10:34:32,32,33,2910,5577
2023-09-06 10:34:35,32,34,2910,5577
2023-09-06 10:34:36,33,34,2910,5577
2023-09-06 10:34:40,32,34,2910,5577
2023-09-06 10:34:42,33,34,2910,5577
2023-09-06 10:34:46,32,34,2910,5577
2023-09-06 10:34:47,33,34,2910,5577
2023-09-06 10:34:48,32,34,2910,5577
2023-09-06 10:34:49,33,34,2910,5577
2023-09-06 10:34:50,32,34,2910,5577
2023-09-06 10:34:52,31,34,2910,5577
2023-09-06 10:34:55,32,34,2910,5577
2023-09-06 10:34:57,33,34,2910,5577
2023-09-06 10:34:59,32,34,2910,5577
2023-09-06 10:35:00,32,34,2910,5577
2023-09-06 10:35:01,33,34,2910,5577
2023-09-06 10:35:04,32,34,2910,5577
2023-09-06 10:35:06,32,35,2910,5577
2023-09-06 10:35:06,33,35,2910,5577
2023-09-06 10:35:08,34,35,2910,5577
2023-09-06 10:35:09,33,35,2910,5718
2023-09-06 10:35:10,34,35,2910,5718
2023-09-06 10:35:11,33,35,2910,5718
2023-09-06 10:35:21,34,35,2910,5718
2023-09-06 10:35:21,34,36,2910,5718
2023-09-06 10:35:21,35,36,2910,5718
2023-09-06 10:35:34,34,36,2910,5718
2023-09-06 10:36:00,33,36,2910,5718
2023-09-06 10:36:06,33,35,2910,5718
2023-09-06 10:36:26,32,35,2910,5718
2023-09-06 10:36:28,33,35,2910,5718
2023-09-06 10:36:29,32,35,2910,5718
2023-09-06 10:36:33,33,35,2910,5718
2023-09-06 10:37:02,34,35,2910,5718
2023-09-06 10:37:29,34,35,3160,5968
2023-09-06 10:37:33,34,35,3410,6218
2023-09-06 10:37:45,34,35,3568,6418
2023-09-06 10:37:46,34,35,3818,6668
2023-09-06 10:37:50,34,37,3818,6668
2023-09-06 10:37:51,35,37,3818,6668
2023-09-06 10:37:57,34,37,3818,6668
2023-09-06 10:38:06,35,37,3818,6668
2023-09-06 10:38:07,34,37,3818,6668
2023-09-06 10:38:08,35,37,3818,6668
2023-09-06 10:38:24,34,37,3818,6668
2023-09-06 10:38:33,34,36,3818,6668
2023-09-06 10:39:03,33,36,3818,6668
2023-09-06 10:39:09,34,36,3818,6668
2023-09-06 10:39:10,34,37,3818,6668
2023-09-06 10:39:18,34,36,3818,6668
2023-09-06 10:39:28,34,37,3818,6668
2023-09-06 10:39:38,35,37,3818,6668
2023-09-06 10:39:52,34,37,3818,6668
2023-09-06 10:40:03,35,37,3818,6668
2023-09-06 10:40:06,36,37,3818,6668
2023-09-06 10:40:14,35,37,3818,6668
2023-09-06 10:40:22,34,37,3818,6668
2023-09-06 10:40:26,34,36,3818,6668
2023-09-06 10:40:26,33,36,3818,6668
2023-09-06 10:40:47,33,35,3818,6668
2023-09-06 10:40:48,33,36,3818,6668
2023-09-06 10:40:51,33,35,3818,6668
2023-09-06 10:40:54,33,36,3818,6668
2023-09-06 10:41:04,33,37,3818,6668
2023-09-06 10:41:04,34,37,3818,6668
2023-09-06 10:41:11,34,36,3818,6668
2023-09-06 10:41:48,34,37,3818,6668
2023-09-06 10:42:07,35,37,3818,6668
2023-09-06 10:42:18,34,37,3818,6668
2023-09-06 10:42:21,34,36,3818,6668
2023-09-06 10:42:24,33,36,3818,6668
2023-09-06 10:42:31,34,36,3818,6668
2023-09-06 10:43:05,34,37,3818,6668
2023-09-06 10:43:28,34,36,3818,6668
2023-09-06 10:43:48,33,36,3818,6668
2023-09-06 10:43:50,34,36,3818,6668
2023-09-06 10:43:53,33,36,3818,6668
2023-09-06 10:43:59,34,36,3818,6668
2023-09-06 10:44:00,33,36,3818,6668
2023-09-06 10:44:05,34,36,3818,6668
2023-09-06 10:44:07,33,36,3818,6668
2023-09-06 10:44:16,34,36,3818,6668
2023-09-06 10:44:23,33,36,3818,6668
2023-09-06 10:44:33,34,36,3818,6668
2023-09-06 10:44:42,34,37,3818,6668
2023-09-06 10:44:53,34,36,3818,6668
2023-09-06 10:44:56,33,36,3818,6668
2023-09-06 10:45:01,33,35,3818,6668
2023-09-06 10:45:06,33,36,3818,6668
2023-09-06 10:45:12,33,37,3818,6668
2023-09-06 10:45:12,34,37,3818,6668
2023-09-06 10:45:29,33,37,3818,6668
2023-09-06 10:45:29,33,36,3818,6668
2023-09-06 10:45:37,33,35,3818,6668
2023-09-06 10:45:48,33,36,3818,6668
2023-09-06 10:45:54,33,35,3818,6668
2023-09-06 10:46:05,32,35,3818,6668
2023-09-06 10:46:07,33,35,3818,6668
2023-09-06 10:46:08,32,35,3818,6668
2023-09-06 10:46:09,32,34,3818,6668
2023-09-06 10:46:09,33,34,3818,6668
2023-09-06 10:46:10,32,34,3818,6668
2023-09-06 10:46:11,33,34,3818,6668
2023-09-06 10:46:12,33,35,3818,6668
2023-09-06 10:46:13,33,36,3818,6668
2023-09-06 10:46:14,34,36,3818,6668
2023-09-06 10:46:23,34,37,3818,6668
2023-09-06 10:46:50,34,36,3818,6668
2023-09-06 10:46:57,34,35,3818,6668
2023-09-06 10:46:57,33,35,3818,6668
2023-09-06 10:47:04,32,35,3818,6668
2023-09-06 10:47:09,33,35,3818,6668
2023-09-06 10:47:26,32,35,3818,6668
2023-09-06 10:47:27,33,35,3818,6668
2023-09-06 10:47:28,32,35,3818,6668
2023-09-06 10:47:29,32,34,3818,6668
2023-09-06 10:47:30,32,35,3818,6668
2023-09-06 10:47:33,33,35,3818,6668
2023-09-06 10:47:36,33,34,3818,6668
2023-09-06 10:47:37,33,35,3818,6668
2023-09-06 10:47:40,32,35,3818,6668
2023-09-06 10:47:40,32,34,3818,6668
2023-09-06 10:47:45,32,35,3818,6668
2023-09-06 10:47:45,33,35,3818,6668
2023-09-06 10:48:06,33,36,3818,6668
2023-09-06 10:48:08,34,36,3818,6668
2023-09-06 10:48:17,33,36,3818,6668
2023-09-06 10:48:19,33,35,3818,6668
2023-09-06 10:48:22,33,36,3818,6668
2023-09-06 10:48:24,34,36,3818,6668
2023-09-06 10:48:24,34,37,3818,6668
2023-09-06 10:48:28,34,36,3818,6668
2023-09-06 10:48:36,33,36,3818,6668
2023-09-06 10:48:43,33,35,3818,6668
2023-09-06 10:49:11,32,35,3818,6668
2023-09-06 10:49:14,33,35,3818,6668
2023-09-06 10:49:15,32,35,3818,6668
2023-09-06 10:49:17,33,35,3818,6668
2023-09-06 10:49:19,32,35,3818,6668
2023-09-06 10:49:25,32,34,3818,6668
2023-09-06 10:49:33,32,35,3818,6668
2023-09-06 10:49:34,33,35,3818,6668
2023-09-06 10:49:36,33,34,3818,6668
2023-09-06 10:49:37,32,34,3818,6668
2023-09-06 10:50:02,31,34,3818,6668
2023-09-06 10:50:04,31,33,3818,6668
2023-09-06 10:50:06,31,34,3818,6668
2023-09-06 10:50:12,32,34,3818,6668
2023-09-06 10:50:14,31,34,3818,6668
2023-09-06 10:50:14,32,34,3818,6668
2023-09-06 10:50:16,32,35,3818,6668
2023-09-06 10:50:16,33,35,3818,6668
2023-09-06 10:50:24,33,36,3818,6668
2023-09-06 10:50:25,33,35,3818,6668
2023-09-06 10:50:26,33,36,3818,6668
2023-09-06 10:50:27,33,35,3818,6668
2023-09-06 10:50:30,33,34,3818,6668
2023-09-06 10:50:30,32,34,3818,6668
2023-09-06 10:50:40,31,34,3818,6668
2023-09-06 10:50:42,31,33,3818,6668
2023-09-06 10:50:45,31,34,3818,6668
2023-09-06 10:50:51,32,34,3818,6668
2023-09-06 10:50:53,31,34,3818,6668
2023-09-06 10:50:56,32,34,3818,6668
2023-09-06 10:50:59,31,34,3818,6668
2023-09-06 10:51:04,32,34,3818,6668
2023-09-06 10:51:06,31,34,3818,6668
2023-09-06 10:51:10,31,33,3818,6668
2023-09-06 10:51:11,30,33,3818,6668
2023-09-06 10:51:19,30,32,3818,6668
2023-09-06 10:51:29,31,32,3818,6668
2023-09-06 10:51:39,31,34,3818,6668
2023-09-06 10:51:39,31,33,3818,6668
2023-09-06 10:51:42,32,33,3818,6668
2023-09-06 10:51:43,32,34,3818,6668
2023-09-06 10:51:46,32,33,3818,6668
2023-09-06 10:51:49,32,34,3818,6668
2023-09-06 10:51:57,31,34,3818,6668
2023-09-06 10:52:00,31,33,3818,6668
2023-09-06 10:52:02,30,33,3818,6668
2023-09-06 10:52:03,30,32,3818,6668
2023-09-06 10:52:09,29,32,3818,6668
2023-09-06 10:52:12,29,31,3818,6668
2023-09-06 10:52:23,28,31,3818,6668
2023-09-06 10:52:30,28,30,3818,6668
2023-09-06 10:52:34,28,29,3818,6668
2023-09-06 10:52:34,27,29,3818,6668
2023-09-06 10:52:35,26,29,3818,6668
2023-09-06 10:52:50,26,28,3818,6668
2023-09-06 10:52:52,25,28,3818,6668
2023-09-06 10:52:59,25,27,3818,6668
2023-09-06 10:53:25,25,28,3818,6668
2023-09-06 10:53:25,26,28,3818,6668
2023-09-06 10:53:31,26,29,3818,6668
2023-09-06 10:53:36,27,29,3818,6668
2023-09-06 10:53:44,28,29,3818,6668
2023-09-06 10:53:48,28,30,3818,6668
2023-09-06 10:53:50,29,30,3818,6668
2023-09-06 10:53:54,28,30,3818,6668
2023-09-06 10:54:00,29,30,3818,6668
2023-09-06 10:54:01,29,31,3818,6668
2023-09-06 10:54:02,28,31,3818,6668
2023-09-06 10:54:02,28,30,3818,6668
2023-09-06 10:54:04,28,31,3818,6668
2023-09-06 10:54:06,29,31,3818,6668
2023-09-06 10:54:21,29,32,3818,6668
2023-09-06 10:54:25,30,32,3818,6668
2023-09-06 10:54:29,30,33,3818,6668
2023-09-06 10:54:29,31,33,3818,6668
2023-09-06 10:54:32,31,34,3818,6668
2023-09-06 10:54:32,32,34,3818,6668
2023-09-06 10:54:42,33,34,3818,6668
2023-09-06 10:55:07,33,35,3818,6668
2023-09-06 10:55:08,34,35,3818,6668
2023-09-06 10:55:22,33,35,3818,6668
2023-09-06 10:55:27,32,35,3818,6668
2023-09-06 10:55:27,32,34,3818,6668
2023-09-06 10:55:30,33,34,3818,6668
2023-09-06 10:55:38,31,34,3818,6668
2023-09-06 10:55:39,32,34,3818,6668
2023-09-06 10:55:40,31,34,3818,6668
2023-09-06 10:55:42,31,33,3818,6668
2023-09-06 10:55:46,31,34,3818,6668
2023-09-06 10:55:52,31,33,3818,6668
2023-09-06 10:56:01,30,33,3818,6668
2023-09-06 10:56:02,30,32,3818,6668
2023-09-06 10:56:05,31,32,3818,6668
2023-09-06 10:56:05,31,33,3818,6668
2023-09-06 10:56:07,30,33,3818,6668
2023-09-06 10:56:10,31,33,3818,6668
2023-09-06 10:56:12,30,33,3818,6668
2023-09-06 10:56:14,30,32,3818,6668
2023-09-06 10:56:18,30,31,3818,6668
2023-09-06 10:56:21,29,31,3818,6668
2023-09-06 10:56:23,28,31,3818,6668
2023-09-06 10:56:24,29,31,3818,6668
2023-09-06 10:56:27,28,31,3818,6668
2023-09-06 10:56:28,29,31,3818,6668
2023-09-06 10:56:40,28,31,3818,6668
2023-09-06 10:56:40,28,30,3818,6668
2023-09-06 10:56:42,27,30,3818,6668
2023-09-06 10:56:46,28,30,3818,6668
2023-09-06 10:56:53,28,31,3818,6668
2023-09-06 10:57:10,28,30,3818,6668
2023-09-06 10:57:18,28,31,3818,6668
2023-09-06 10:57:23,29,31,3818,6668
2023-09-06 10:57:33,28,31,3818,6668
2023-09-06 10:57:34,28,30,3818,6668
2023-09-06 10:58:00,27,30,3818,6668
2023-09-06 10:58:06,27,29,3818,6668
2023-09-06 10:58:15,28,29,3818,6668
2023-09-06 10:58:16,27,29,3818,6668
2023-09-06 10:58:27,28,29,3818,6668
2023-09-06 10:58:28,27,29,3818,6668
2023-09-06 10:58:33,26,29,3818,6668
2023-09-06 10:58:37,26,28,3818,6668
2023-09-06 10:58:42,27,28,3818,6668
2023-09-06 10:58:43,26,28,3818,6668
2023-09-06 10:58:56,27,28,3818,6668
2023-09-06 10:59:01,26,28,3818,6668
2023-09-06 10:59:03,26,29,3818,6668
2023-09-06 10:59:03,27,29,3818,6668
2023-09-06 10:59:05,26,29,3818,6668
2023-09-06 10:59:07,27,29,3818,6668
2023-09-06 10:59:08,26,29,3818,6668
2023-09-06 10:59:10,26,28,3818,6668
2023-09-06 10:59:18,25,28,3818,6668
2023-09-06 10:59:25,26,28,3818,6668
2023-09-06 10:59:28,25,28,3818,6668
2023-09-06 10:59:29,26,28,3818,6668
2023-09-06 10:59:30,25,28,3818,6668
2023-09-06 10:59:33,26,28,3818,6668
2023-09-06 10:59:37,25,28,3818,6668
2023-09-06 10:59:43,25,27,3818,6668
2023-09-06 10:59:57,24,27,3818,6668
2023-09-06 11:00:00,24,26,3818,6668
2023-09-06 11:00:02,23,26,3818,6668
2023-09-06 11:00:09,23,25,3818,6668
2023-09-06 11:00:17,22,25,3818,6668
2023-09-06 11:00:19,22,24,3818,6668
2023-09-06 11:00:27,22,25,3818,6668
2023-09-06 11:00:29,22,24,3818,6668
2023-09-06 11:00:46,21,24,3818,6668
2023-09-06 11:00:46,21,23,3818,6668
2023-09-06 11:00:48,21,24,3818,6668
2023-09-06 11:00:48,22,24,3818,6668
2023-09-06 11:00:50,22,25,3818,6668
2023-09-06 11:00:52,22,25,3818,6783
2023-09-06 11:00:54,23,25,3818,6783
2023-09-06 11:00:56,22,25,3818,6783
2023-09-06 11:00:59,22,24,3818,6783
2023-09-06 11:01:08,22,25,3818,6783
2023-09-06 11:01:10,23,25,3818,6783
2023-09-06 11:01:11,22,25,3818,6783
2023-09-06 11:01:58,23,25,3818,6783
2023-09-06 11:02:01,23,26,3818,6783
2023-09-06 11:02:02,23,25,3818,6783
2023-09-06 11:02:02,22,25,3818,6783
2023-09-06 11:02:03,23,25,3818,6783
2023-09-06 11:02:10,22,25,3818,6783
2023-09-06 11:02:14,22,24,3818,6783
2023-09-06 11:02:15,21,24,3818,6783
2023-09-06 11:02:42,22,24,3818,6783
2023-09-06 11:02:46,22,25,3818,6783
2023-09-06 11:03:02,22,24,3818,6783
2023-09-06 11:03:09,21,24,3818,6783
2023-09-06 11:03:12,21,23,3818,6783
2023-09-06 11:03:22,21,24,3818,6783
2023-09-06 11:03:22,22,24,3818,6783
2023-09-06 11:03:24,21,24,3818,6783
2023-09-06 11:03:28,22,24,3818,6783
2023-09-06 11:03:38,21,24,3818,6783
2023-09-06 11:03:39,22,24,3818,6783
2023-09-06 11:03:55,21,24,3818,6783
2023-09-06 11:04:09,22,24,3818,6783
2023-09-06 11:04:16,22,25,3818,6783
2023-09-06 11:04:40,23,25,3818,6783
2023-09-06 11:04:41,23,26,3818,6783
2023-09-06 11:05:10,24,26,3818,6783
2023-09-06 11:05:25,25,26,3818,6783
2023-09-06 11:05:25,25,27,3818,6783
2023-09-06 11:05:26,24,27,3818,6783
2023-09-06 11:05:45,24,26,3818,6783
2023-09-06 11:05:45,23,26,3818,6783
2023-09-06 11:06:05,23,25,3818,6783
2023-09-06 11:06:11,22,25,3818,6783
2023-09-06 11:06:13,22,24,3818,6783
2023-09-06 11:06:20,21,24,3818,6783
2023-09-06 11:06:22,21,23,3818,6783
2023-09-06 11:06:53,21,22,3818,6783
2023-09-06 11:07:19,22,23,3860,6983
2023-09-06 11:07:39,21,22,3910,7033
2023-09-06 11:08:15,20,21,4010,7133
2023-09-06 11:08:29,20,22,4010,7133
2023-09-06 11:08:52,20,21,4010,7133
2023-09-06 11:09:50,19,20,4160,7283
2023-09-06 11:10:13,18,19,4260,7383
2023-09-06 11:10:23,18,20,4260,7383
2023-09-06 11:11:33,19,20,4260,7383
2023-09-06 11:12:15,18,20,4260,7583
2023-09-06 11:12:16,18,19,4260,7583
2023-09-06 11:12:38,18,20,4260,7583
2023-09-06 11:12:38,18,19,4260,7583
2023-09-06 11:12:42,18,20,4260,7583
2023-09-06 11:13:11,18,21,4410,7883
2023-09-06 11:13:11,18,20,4410,7883
2023-09-06 11:13:12,18,21,4410,7883
2023-09-06 11:13:16,18,20,4410,7883
2023-09-06 11:13:17,18,21,4410,7883
2023-09-06 11:13:17,18,20,4410,7883
2023-09-06 11:13:26,18,21,4410,7883
2023-09-06 11:13:27,18,21,4410,7947
2023-09-06 11:13:41,17,21,4410,7947
2023-09-06 11:13:41,17,20,4410,7947
2023-09-06 11:13:49,17,19,4410,7947
2023-09-06 11:14:28,17,20,4410,7947
2023-09-06 11:14:45,18,20,4410,7947
2023-09-06 11:14:52,17,20,4410,7947
2023-09-06 11:14:54,18,20,4410,7947
2023-09-06 11:14:58,17,20,4410,7947
2023-09-06 11:15:04,18,20,4410,7947
2023-09-06 11:15:21,18,21,4410,7947
2023-09-06 11:15:40,18,20,4410,7947
2023-09-06 11:15:44,18,21,4410,7947
2023-09-06 11:16:09,19,21,4410,7947
2023-09-06 11:16:09,19,22,4410,7947
2023-09-06 11:16:14,20,22,4410,7947
2023-09-06 11:16:21,20,23,4410,7947
2023-09-06 11:16:31,21,23,4410,7947
2023-09-06 11:16:37,20,23,4410,7947
2023-09-06 11:16:42,21,23,4410,7947
2023-09-06 11:17:05,21,24,4410,7947
2023-09-06 11:17:46,21,23,4410,7947
2023-09-06 11:17:47,21,24,4410,7947
2023-09-06 11:17:47,21,23,4410,7947
2023-09-06 11:17:59,21,24,4410,7947
2023-09-06 11:18:03,21,23,4410,7947
2023-09-06 11:18:09,21,24,4410,7947
2023-09-06 11:18:14,22,24,4410,7947
2023-09-06 11:18:20,21,24,4410,7947
2023-09-06 11:18:37,21,23,4410,7947
2023-09-06 11:18:38,20,23,4410,7947
2023-09-06 11:18:53,21,23,4410,7947
2023-09-06 11:18:59,21,24,4410,7947
2023-09-06 11:19:22,22,24,4410,7947
2023-09-06 11:19:39,22,25,4410,7947
2023-09-06 11:19:43,23,25,4410,7947
2023-09-06 11:19:54,23,26,4410,7947
2023-09-06 11:20:03,23,25,4410,7947
2023-09-06 11:20:08,23,26,4410,7947
2023-09-06 11:20:21,23,25,4410,7947
2023-09-06 11:20:28,23,26,4410,7947
2023-09-06 11:21:00,24,26,4410,7947
2023-09-06 11:21:19,24,26,4480,8017
2023-09-06 11:21:55,23,26,4480,8017
2023-09-06 11:21:58,24,26,4480,8017
2023-09-06 11:22:10,24,26,4630,8167
2023-09-06 11:22:10,23,26,4630,8167
2023-09-06 11:22:10,24,26,4630,8167
2023-09-06 11:22:16,25,26,4630,8167
2023-09-06 11:22:16,25,27,4630,8167
2023-09-06 11:22:19,26,27,4630,8167
2023-09-06 11:22:35,26,27,4630,8168
2023-09-06 11:22:43,26,28,4630,8168
2023-09-06 11:23:00,26,27,4630,8168
2023-09-06 11:23:00,25,27,4630,8168
2023-09-06 11:23:11,24,27,4630,8168
2023-09-06 11:23:12,26,27,4630,8168
2023-09-06 11:23:12,26,28,4630,8168
2023-09-06 11:23:19,26,27,4630,8168
2023-09-06 11:23:23,26,28,4630,8168
2023-09-06 11:23:49,27,28,4630,8168
2023-09-06 11:23:52,26,28,4630,8168
2023-09-06 11:24:05,26,28,4630,8169
2023-09-06 11:24:05,27,28,4630,8169
2023-09-06 11:24:18,26,28,4630,8169
2023-09-06 11:24:20,26,27,4630,8169
2023-09-06 11:24:54,24,27,4630,8169
2023-09-06 11:24:54,25,27,4630,8169
2023-09-06 11:25:18,24,27,4630,8169
2023-09-06 11:25:18,26,27,4630,8169
2023-09-06 11:25:19,26,28,4630,8169
2023-09-06 11:25:28,24,28,4630,8169
2023-09-06 11:25:28,25,28,4630,8169
2023-09-06 11:25:28,25,27,4630,8169
2023-09-06 11:25:37,25,26,4630,8169
2023-09-06 11:25:40,23,26,4630,8169
2023-09-06 11:25:40,24,26,4630,8169
2023-09-06 11:25:54,25,26,4630,8169
2023-09-06 11:25:59,25,27,4630,8169
2023-09-06 11:25:59,25,26,4630,8169
2023-09-06 11:26:01,25,28,4630,8169
2023-09-06 11:26:01,25,27,4630,8169
2023-09-06 11:26:02,26,27,4630,8169
2023-09-06 11:26:06,26,28,4630,8169
2023-09-06 11:26:16,27,28,4630,8169
2023-09-06 11:27:16,26,28,4630,8169
2023-09-06 11:27:21,27,28,4630,8169
2023-09-06 11:27:33,27,29,4630,8169
2023-09-06 11:27:45,28,29,4630,8169
2023-09-06 11:27:48,28,30,4630,8169
2023-09-06 11:27:49,27,30,4630,8169
2023-09-06 11:27:49,29,30,4630,8169
2023-09-06 11:28:05,30,31,4631,8170
2023-09-06 11:29:03,28,31,4631,8170
2023-09-06 11:29:03,29,31,4631,8170
2023-09-06 11:29:16,30,31,4631,8170
2023-09-06 11:29:19,30,32,4631,8170
2023-09-06 11:29:19,30,31,4631,8170
2023-09-06 11:29:50,28,31,4631,8170
2023-09-06 11:29:50,29,31,4631,8170
2023-09-06 11:30:08,30,31,4631,8170
2023-09-06 11:30:27,30,32,4631,8170
2023-09-06 11:30:36,31,32,4631,8170
2023-09-06 11:30:57,29,32,4631,8170
2023-09-06 11:30:57,30,32,4631,8170
2023-09-06 11:31:18,30,31,4631,8170
2023-09-06 11:31:20,30,32,4631,8170
2023-09-06 11:31:21,30,31,4631,8170
2023-09-06 11:31:22,28,31,4631,8170
2023-09-06 11:31:22,29,31,4631,8170
2023-09-06 11:31:32,29,30,4631,8170
2023-09-06 11:31:40,29,31,4631,8170
2023-09-06 11:31:45,30,31,4631,8170
2023-09-06 11:31:46,30,32,4631,8170
2023-09-06 11:31:53,31,32,4631,8170
2023-09-06 11:32:07,31,33,4631,8170
2023-09-06 11:32:21,31,32,4631,8170
2023-09-06 11:32:21,29,32,4631,8170
2023-09-06 11:32:21,30,32,4631,8170
2023-09-06 11:32:22,30,31,4631,8170
2023-09-06 11:32:41,30,32,4631,8170
2023-09-06 11:32:48,30,31,4631,8170
2023-09-06 11:32:49,28,31,4631,8170
2023-09-06 11:32:49,29,31,4631,8170
2023-09-06 11:32:51,29,30,4631,8170
2023-09-06 11:33:05,27,30,4631,8170
2023-09-06 11:33:05,28,30,4631,8170
2023-09-06 11:33:19,29,30,4631,8170
2023-09-06 11:33:21,29,31,4631,8170
2023-09-06 11:34:00,29,30,4631,8170
2023-09-06 11:34:23,29,31,4631,8170
2023-09-06 11:34:28,30,31,4631,8170
2023-09-06 11:34:34,28,31,4631,8170
2023-09-06 11:34:34,29,31,4631,8170
2023-09-06 11:34:45,30,31,4631,8170
2023-09-06 11:34:52,30,32,4631,8170
2023-09-06 11:34:52,30,31,4631,8170
2023-09-06 11:35:21,29,31,4631,8170
2023-09-06 11:35:42,29,30,4631,8170
2023-09-06 11:35:56,29,30,4631,8570
2023-09-06 11:36:08,27,29,4631,9120
2023-09-06 11:36:11,26,29,4631,9120
2023-09-06 11:36:12,26,28,4631,9120
2023-09-06 11:36:16,27,28,4631,9120
2023-09-06 11:36:20,26,28,4631,9120
2023-09-06 11:36:34,27,28,4631,9120
2023-09-06 11:36:38,27,29,4631,9120
2023-09-06 11:36:39,27,30,4631,9120
2023-09-06 11:36:40,28,30,4631,9120
2023-09-06 11:36:46,28,31,4631,9120
2023-09-06 11:36:51,27,31,4631,9120
2023-09-06 11:36:51,29,31,4631,9120
2023-09-06 11:37:11,29,32,4631,9120
2023-09-06 11:37:14,30,32,4631,9120
2023-09-06 11:37:22,30,33,4631,9120
2023-09-06 11:37:24,29,33,4631,9120
2023-09-06 11:37:24,31,33,4631,9120
2023-09-06 11:37:37,32,33,4631,9120
2023-09-06 11:37:42,31,33,4631,9120
2023-09-06 11:37:46,32,33,4631,9120
2023-09-06 11:37:55,32,34,4631,9120
2023-09-06 11:38:01,33,34,4631,9120
2023-09-06 11:38:03,32,34,4631,9120
2023-09-06 11:38:11,31,34,4631,9120
2023-09-06 11:38:12,31,33,4631,9120
2023-09-06 11:38:30,31,34,4631,9120
2023-09-06 11:38:31,32,34,4631,9120
2023-09-06 11:39:11,31,34,4631,9120
2023-09-06 11:39:13,31,33,4631,9120
2023-09-06 11:39:49,31,32,4631,9120
2023-09-06 11:40:49,31,33,4631,9120
2023-09-06 11:41:20,31,32,4631,9120
2023-09-06 11:41:36,29,32,4631,9320
2023-09-06 11:42:08,30,32,4631,9320
2023-09-06 11:42:11,30,33,4631,9320
2023-09-06 11:42:12,31,33,4631,9320
2023-09-06 11:42:18,29,33,4631,9320
2023-09-06 11:42:18,30,33,4631,9320
2023-09-06 11:42:28,30,32,4631,9320
2023-09-06 11:42:30,29,32,4631,9320
2023-09-06 11:42:34,29,31,4631,9320
2023-09-06 11:42:40,29,30,4631,9320
2023-09-06 11:43:11,29,31,4631,9320
2023-09-06 11:43:11,29,30,4631,9320
2023-09-06 11:44:01,29,31,4631,9320
2023-09-06 11:44:25,30,31,4631,9320
2023-09-06 11:44:25,30,32,4631,9320
2023-09-06 11:44:34,31,32,4631,9320
2023-09-06 11:44:34,31,33,4631,9320
2023-09-06 11:44:41,30,33,4631,9320
2023-09-06 11:44:46,31,33,4631,9320
2023-09-06 11:45:30,31,32,4631,9320
2023-09-06 11:45:30,29,32,4631,9320
2023-09-06 11:45:30,30,32,4631,9320
2023-09-06 11:45:46,31,32,4631,9320
2023-09-06 11:45:46,31,33,4631,9320
2023-09-06 11:46:06,30,33,4631,9320
2023-09-06 11:46:07,30,32,4631,9320
2023-09-06 11:46:37,29,32,4631,9320
2023-09-06 11:46:37,29,31,4631,9320
2023-09-06 11:48:02,29,30,4631,9320
2023-09-06 11:48:21,29,31,4631,9320
2023-09-06 11:48:24,29,30,4631,9320
2023-09-06 11:48:35,29,30,4431,9520
2023-09-06 11:48:37,29,30,4231,9720
2023-09-06 11:48:38,29,30,4040,9920
2023-09-06 11:48:39,29,30,4040,10120
2023-09-06 11:48:40,27,30,4040,10270
2023-09-06 11:48:40,27,29,4040,10270
2023-09-06 11:48:47,27,28,4040,10270
2023-09-06 11:49:00,27,29,4040,10270
2023-09-06 11:49:00,27,30,4040,10270
2023-09-06 11:49:05,27,29,4040,10270
2023-09-06 11:49:07,27,28,4040,10270
2023-09-06 11:49:10,27,29,4040,10270
2023-09-06 11:49:11,27,28,4040,10270
2023-09-06 11:49:12,27,29,4040,10270
2023-09-06 11:49:14,27,28,4040,10270
2023-09-06 11:49:18,27,29,4040,10270
2023-09-06 11:49:19,27,28,4040,10270
2023-09-06 11:49:20,27,29,4040,10270
2023-09-06 11:49:22,27,28,4040,10270
2023-09-06 11:49:46,26,28,4040,10270
2023-09-06 11:49:51,27,28,4040,10270
2023-09-06 11:49:57,26,28,4040,10270
2023-09-06 11:50:13,26,27,4040,10270
2023-09-06 11:50:20,25,27,4040,10419
2023-09-06 11:50:43,24,27,4040,10419
2023-09-06 11:50:46,25,27,4040,10419
2023-09-06 11:51:01,25,28,4040,10419
2023-09-06 11:51:35,26,28,4040,10419
2023-09-06 11:51:52,25,28,4040,10419
2023-09-06 11:51:56,26,28,4040,10419
2023-09-06 11:52:22,26,29,4040,10419
2023-09-06 11:52:28,27,29,4040,10419
2023-09-06 11:52:31,27,30,4040,10419
2023-09-06 11:52:48,27,29,4040,10419
2023-09-06 11:52:52,26,29,4040,10419
2023-09-06 11:53:39,26,28,4040,10419
2023-09-06 11:54:00,25,28,4040,10419
2023-09-06 11:54:05,25,27,4040,10419
2023-09-06 11:54:10,25,26,4040,10419
2023-09-06 11:54:12,24,26,4040,10419
2023-09-06 11:54:15,24,25,4040,10419
2023-09-06 11:54:15,23,25,4040,10619
2023-09-06 11:54:35,22,25,4040,10619
2023-09-06 11:54:39,22,24,4040,10619
2023-09-06 11:54:40,22,23,4040,10619
2023-09-06 11:54:45,22,24,4040,10619
2023-09-06 11:54:52,22,23,4040,10619
2023-09-06 11:54:53,22,24,4040,10619
2023-09-06 11:54:59,22,23,4040,10619
2023-09-06 11:55:08,22,24,4040,10619
2023-09-06 11:55:09,22,23,4040,10619
2023-09-06 11:55:11,22,24,4040,10619
2023-09-06 11:55:44,22,23,4040,10619
2023-09-06 11:55:45,22,24,4040,10619
2023-09-06 11:56:05,22,23,4040,10619
2023-09-06 11:56:07,22,24,4040,10619
2023-09-06 11:56:08,22,23,4040,10619
2023-09-06 11:56:17,21,23,4040,10619
2023-09-06 11:56:22,21,22,4040,10619
2023-09-06 11:56:28,21,23,4040,10619
2023-09-06 11:56:36,21,24,4040,10619
2023-09-06 11:56:37,22,24,4040,10619
2023-09-06 11:56:40,22,25,4040,10619
2023-09-06 11:56:52,23,25,4040,10619
2023-09-06 11:56:53,23,26,4040,10619
2023-09-06 11:56:54,24,26,4040,10619
2023-09-06 11:56:54,24,27,4040,10619
2023-09-06 11:56:59,25,27,4040,10619
2023-09-06 11:57:02,25,28,4040,10619
2023-09-06 11:57:12,24,28,4040,10619
2023-09-06 11:57:12,24,27,4040,10619
2023-09-06 11:57:19,25,27,4040,10619
2023-09-06 11:57:24,24,27,4040,10619
2023-09-06 11:57:26,25,27,4040,10619
2023-09-06 11:57:27,25,28,4040,10619
2023-09-06 11:57:44,24,28,4040,10619
2023-09-06 11:57:44,24,27,4040,10619
2023-09-06 11:57:50,23,27,4040,10619
2023-09-06 11:57:56,24,27,4040,10619
2023-09-06 11:58:02,23,27,4040,10619
2023-09-06 11:58:05,24,27,4040,10619
2023-09-06 11:58:10,25,27,4040,10619
2023-09-06 11:58:10,25,28,4040,10619
2023-09-06 11:58:16,25,27,4040,10619
2023-09-06 11:58:17,24,27,4040,10619
2023-09-06 11:58:22,25,27,4040,10619
2023-09-06 11:58:26,25,28,4040,10619
2023-09-06 11:58:45,25,27,4040,10619
2023-09-06 11:58:47,24,27,4040,10619
2023-09-06 11:59:06,23,27,4040,10619
2023-09-06 11:59:06,23,26,4040,10619
2023-09-06 11:59:42,22,26,4040,10619
2023-09-06 11:59:42,22,25,4040,10619
2023-09-06 12:00:23,22,24,4040,10619
2023-09-06 12:01:26,21,24,4040,10619
2023-09-06 12:01:29,22,24,4040,10619
2023-09-06 12:02:02,21,24,4040,10619
2023-09-06 12:02:17,21,23,4040,10619
2023-09-06 12:02:54,21,24,4040,10619
2023-09-06 12:02:58,22,24,4040,10619
2023-09-06 12:03:04,22,25,4040,10619
2023-09-06 12:03:05,22,24,4040,10619
2023-09-06 12:03:30,22,25,4040,10619
2023-09-06 12:03:36,22,24,4040,10619
2023-09-06 12:04:16,22,25,4040,10619
2023-09-06 12:04:21,22,24,4040,10619
2023-09-06 12:04:29,22,25,4040,10619
2023-09-06 12:04:42,23,25,4040,10619
2023-09-06 12:04:43,23,26,4040,10619
2023-09-06 12:05:02,23,25,4040,10619
2023-09-06 12:05:03,23,26,4040,10619
2023-09-06 12:05:32,23,26,4040,11689
2023-09-06 12:05:35,24,26,4040,11689
2023-09-06 12:05:41,25,26,4040,11689
2023-09-06 12:05:57,24,26,4040,11689
2023-09-06 12:06:08,23,26,4040,11689
2023-09-06 12:06:29,23,25,4040,11689
2023-09-06 12:06:30,23,26,4040,11689
2023-09-06 12:06:33,23,25,4040,11689
2023-09-06 12:06:49,23,26,4040,11689
2023-09-06 12:07:09,24,26,4040,11689
2023-09-06 12:07:11,23,26,4040,11689
2023-09-06 12:07:11,23,25,4040,11689
2023-09-06 12:07:27,23,26,4040,11689
2023-09-06 12:07:29,23,25,4040,11689
2023-09-06 12:07:32,23,26,4040,11689
2023-09-06 12:07:37,23,25,4040,11689
2023-09-06 12:07:38,23,26,4040,11689
2023-09-06 12:07:56,23,25,4040,11689
2023-09-06 12:07:57,23,26,4040,11689
2023-09-06 12:07:58,23,25,4040,11689
2023-09-06 12:07:59,23,26,4040,11689
2023-09-06 12:08:00,23,25,4040,11689
2023-09-06 12:08:01,23,26,4040,11689
2023-09-06 12:08:03,23,25,4040,11689
2023-09-06 12:08:12,23,26,4040,11689
2023-09-06 12:08:14,23,25,4040,11689
2023-09-06 12:08:16,22,25,4040,11689
2023-09-06 12:08:33,21,25,4040,11689
2023-09-06 12:08:33,21,24,4040,11689
2023-09-06 12:08:39,21,23,4040,11689
2023-09-06 12:08:40,21,24,4040,11689
2023-09-06 12:08:44,21,23,4040,11689
2023-09-06 12:08:56,21,24,4040,11689
2023-09-06 12:09:11,21,23,4040,11689
2023-09-06 12:09:13,21,22,4040,11689
2023-09-06 12:09:19,21,23,4040,11689
2023-09-06 12:09:25,21,22,4040,11689
2023-09-06 12:09:46,21,22,4040,11749
2023-09-06 12:09:47,20,22,4040,11749
2023-09-06 12:09:59,19,22,4040,11749
2023-09-06 12:09:59,18,21,4040,11749
2023-09-06 12:10:00,18,20,4040,11749
2023-09-06 12:10:04,18,19,4040,11749
2023-09-06 12:10:05,18,20,4040,11749
2023-09-06 12:10:06,18,19,4040,11749
2023-09-06 12:10:11,18,20,4040,11749
2023-09-06 12:10:16,18,21,4040,11749
2023-09-06 12:10:17,18,20,4040,11749
2023-09-06 12:10:34,18,21,4040,11749
2023-09-06 12:10:34,18,22,4040,11749
2023-09-06 12:10:35,18,21,4040,11749
2023-09-06 12:10:40,18,20,4040,11749
2023-09-06 12:10:42,18,21,4040,11749
2023-09-06 12:10:43,18,20,4040,11749
2023-09-06 12:10:50,18,21,4040,11749
2023-09-06 12:10:53,18,20,4040,11749
2023-09-06 12:11:09,18,21,4040,11749
2023-09-06 12:11:13,18,20,4040,11749
2023-09-06 12:11:40,18,21,4040,11749
2023-09-06 12:11:43,18,20,4040,11749
2023-09-06 12:12:01,18,21,4040,11749
2023-09-06 12:12:02,18,20,4040,11749
2023-09-06 12:12:03,18,21,4040,11749
2023-09-06 12:12:18,18,20,4040,11749
2023-09-06 12:12:30,18,21,4040,11749
2023-09-06 12:12:36,18,20,4040,11749
2023-09-06 12:12:39,18,21,4040,11749
2023-09-06 12:12:43,18,20,4040,11749
2023-09-06 12:12:45,18,21,4040,11749
2023-09-06 12:12:53,18,20,4040,11749
2023-09-06 12:12:54,18,21,4040,11749
2023-09-06 12:12:56,18,20,4040,11749
2023-09-06 12:13:19,18,21,4040,11749
2023-09-06 12:13:25,18,22,4040,11749
2023-09-06 12:13:25,19,22,4040,11749
2023-09-06 12:13:27,19,21,4040,11749
2023-09-06 12:13:28,19,22,4040,11749
2023-09-06 12:13:35,19,23,5213,12922
2023-09-06 12:13:36,19,22,5213,12922
2023-09-06 12:13:42,20,23,5213,12922
2023-09-06 12:13:44,20,22,5213,12922
2023-09-06 12:13:56,19,22,5213,12922
2023-09-06 12:14:06,19,21,5213,12922
2023-09-06 12:14:24,19,22,5213,12922
2023-09-06 12:14:35,21,22,5213,12922
2023-09-06 12:14:35,21,22,5213,13042
2023-09-06 12:14:40,21,22,5213,13154
2023-09-06 12:14:41,21,22,5213,13287
2023-09-06 12:14:42,21,22,5213,13362
2023-09-06 12:15:08,21,22,5263,13412
2023-09-06 12:15:11,21,23,5263,13412
2023-09-06 12:15:18,21,23,5313,13462
2023-09-06 12:15:39,22,23,5313,13462
2023-09-06 12:15:44,22,23,5313,13613
2023-09-06 12:15:44,22,23,5313,13786
2023-09-06 12:15:46,20,23,5313,13822
2023-09-06 12:15:47,20,22,5313,13822
2023-09-06 12:15:59,19,22,5313,13822
2023-09-06 12:16:39,18,22,5313,13822
2023-09-06 12:16:39,18,21,5313,13822
2023-09-06 12:16:47,18,20,5313,13822
2023-09-06 12:17:10,18,21,5313,13822
2023-09-06 12:17:10,18,22,5313,13822
2023-09-06 12:17:10,18,21,5313,13822
2023-09-06 12:18:03,18,20,5313,13822
2023-09-06 12:18:04,18,19,5313,13822
2023-09-06 12:18:04,17,19,5313,13822
2023-09-06 12:18:05,17,18,5313,13822
2023-09-06 12:18:06,17,18,5413,13978
2023-09-06 12:18:07,17,18,5413,14081
2023-09-06 12:18:08,16,18,5413,14081
2023-09-06 12:18:12,16,18,5573,14241
2023-09-06 12:18:14,16,17,5573,14241
2023-09-06 12:18:18,16,18,5712,14380
2023-09-06 12:18:22,16,17,5712,14380
2023-09-06 12:18:28,16,18,5854,14522
2023-09-06 12:18:28,16,17,5854,14522
2023-09-06 12:18:47,15,16,6004,14872
2023-09-06 12:18:51,15,17,7654,16522
2023-09-06 12:19:38,15,18,7654,16522
2023-09-06 12:19:43,15,17,7654,16522
2023-09-06 12:20:46,15,16,7654,16522
2023-09-06 12:20:50,15,16,7675,16543
2023-09-06 12:21:18,15,16,7769,16637
2023-09-06 12:21:21,13,15,7904,16793
2023-09-06 12:21:43,13,15,7966,16933
2023-09-06 12:21:44,12,15,7966,16933
2023-09-06 12:21:54,12,14,7966,16933
2023-09-06 12:23:04,12,15,7966,16933
2023-09-06 12:23:14,12,16,7966,16933
2023-09-06 12:23:18,13,16,7966,16933
2023-09-06 12:23:22,13,17,7966,16933
2023-09-06 12:23:45,14,17,7966,16933
2023-09-06 12:24:14,14,18,7966,16933
2023-09-06 12:24:15,15,18,7966,16933
2023-09-06 12:24:16,14,18,7966,16933
2023-09-06 12:24:25,15,18,7966,16933
2023-09-06 12:24:30,14,18,7966,16933
2023-09-06 12:24:31,14,17,7966,16933
2023-09-06 12:24:32,14,18,7966,16933
2023-09-06 12:24:50,14,17,7966,16933
2023-09-06 12:24:55,14,18,7966,16933
2023-09-06 12:24:58,14,17,7966,16933
2023-09-06 12:24:59,14,18,7966,16933
2023-09-06 12:25:14,14,17,7966,16933
2023-09-06 12:25:17,14,18,7966,16933
2023-09-06 12:25:19,14,17,7966,16933
2023-09-06 12:25:24,14,18,7966,16933
2023-09-06 12:25:39,14,17,7966,16933
2023-09-06 12:25:49,13,17,7966,16933
2023-09-06 12:25:58,14,17,7966,16933
2023-09-06 12:26:07,13,17,7966,16933
2023-09-06 12:26:20,14,17,7966,16933
2023-09-06 12:26:21,14,18,7966,16933
2023-09-06 12:26:31,14,17,7966,16933
2023-09-06 12:27:12,13,17,7966,16933
2023-09-06 12:27:54,14,17,7966,16933
2023-09-06 12:28:00,14,16,7966,16933
2023-09-06 12:28:09,13,16,7966,16933
2023-09-06 12:28:09,13,14,7966,16933
2023-09-06 12:28:11,13,16,7966,16943
2023-09-06 12:28:49,13,15,7966,16943
2023-09-06 12:28:51,12,15,7966,16943
2023-09-06 12:28:57,12,14,7966,16943
2023-09-06 12:29:06,12,13,7966,16943
2023-09-06 12:29:08,12,14,7966,16943
2023-09-06 12:29:11,12,13,7966,16943
2023-09-06 12:29:12,12,14,7966,16943
2023-09-06 12:29:13,12,13,7966,16943
2023-09-06 12:29:15,11,12,8154,17193
2023-09-06 12:29:15,10,11,8279,17368
2023-09-06 12:29:16,9,11,8279,17368
2023-09-06 12:29:23,9,10,8279,17368
2023-09-06 12:29:47,9,11,8279,17368
2023-09-06 12:30:00,9,10,8279,17368
2023-09-06 12:30:04,9,11,8279,17368
2023-09-06 12:30:05,9,10,8279,17368
2023-09-06 12:30:09,9,11,8279,17368
2023-09-06 12:30:11,9,11,8479,17568
2023-09-06 12:30:12,9,11,8529,17768
2023-09-06 12:30:13,9,10,8529,17768
2023-09-06 12:30:13,8,10,8529,17868
2023-09-06 12:30:13,8,11,9691,19030
2023-09-06 12:30:16,8,10,9691,19030
2023-09-06 12:31:04,8,10,9691,19230
2023-09-06 12:31:51,8,9,9691,19230
2023-09-06 12:31:55,8,10,9691,19230
2023-09-06 12:32:00,8,11,9691,19230
2023-09-06 12:32:00,8,10,9691,19230
2023-09-06 12:32:04,8,11,9691,19230
2023-09-06 12:32:05,8,10,9691,19230
2023-09-06 12:32:27,7,10,9691,19230
2023-09-06 12:32:48,7,8,9691,19230
2023-09-06 12:33:51,7,8,9691,19430
2023-09-06 12:34:13,7,8,9691,19630
2023-09-06 12:34:45,7,8,9691,19830
2023-09-06 12:34:49,7,8,9691,20230
2023-09-06 12:34:58,7,8,9793,20430
2023-09-06 12:35:13,7,10,9793,20430
2023-09-06 12:36:04,7,9,9793,20430
2023-09-06 12:36:06,7,10,9793,20430
2023-09-06 12:37:05,8,10,9793,20430
2023-09-06 12:37:08,8,11,9793,20430
2023-09-06 12:37:14,8,10,9793,20430
2023-09-06 12:37:16,7,10,9793,20430
2023-09-06 12:37:39,8,10,9793,20430
2023-09-06 12:37:45,7,10,9793,20430
2023-09-06 12:37:46,8,10,9793,20430
2023-09-06 12:37:51,7,10,9793,20430
2023-09-06 12:38:24,7,9,9793,20430
2023-09-06 12:38:54,7,10,9793,20430
2023-09-06 12:38:55,7,9,9793,20430
2023-09-06 12:38:57,7,10,9793,20430
2023-09-06 12:38:59,7,9,9793,20430
2023-09-06 12:40:03,7,10,9793,20430
2023-09-06 12:40:20,7,9,9793,20430
2023-09-06 12:40:21,7,10,9793,20430
2023-09-06 12:40:22,7,9,9793,20430
2023-09-06 12:40:27,7,10,9793,20430
2023-09-06 12:40:32,7,9,9793,20430
2023-09-06 12:41:40,7,9,9909,20546
2023-09-06 12:41:41,6,9,9909,20546
2023-09-06 12:41:41,6,8,9909,20546
2023-09-06 12:41:52,6,9,9909,20546
2023-09-06 12:41:52,6,8,9909,20546
2023-09-06 12:42:47,6,9,9909,20546
2023-09-06 12:42:48,6,8,9909,20546
2023-09-06 12:43:24,6,9,9909,20546
2023-09-06 12:43:25,6,8,9909,20546
2023-09-06 12:43:27,6,9,9909,20546
2023-09-06 12:43:34,6,8,9909,20546
2023-09-06 12:44:03,6,7,9909,20546
2023-09-06 12:44:03,6,7,9937,20574
2023-09-06 12:44:03,6,7,10053,20690
2023-09-06 12:44:23,5,6,10053,20796
2023-09-06 12:44:24,5,7,10053,20796
2023-09-06 12:44:55,5,6,10053,20796
2023-09-06 12:45:05,5,7,10053,20796
2023-09-06 12:45:11,5,6,10053,20796
2023-09-06 12:45:19,5,7,10053,20796
2023-09-06 12:45:23,5,6,10053,20796
2023-09-06 12:45:30,5,7,10053,20796
2023-09-06 12:46:06,5,7,10482,21337
2023-09-06 12:46:22,5,8,10482,21337
2023-09-06 12:46:22,6,8,10482,21337
2023-09-06 12:46:42,6,7,10482,21337
2023-09-06 12:46:42,5,7,10482,21337
2023-09-06 12:50:11,6,7,10482,21337
2023-09-06 12:50:12,6,8,10482,21337
2023-09-06 12:50:14,6,7,10482,21337
2023-09-06 12:50:15,6,8,10482,21337
2023-09-06 12:50:56,6,7,10482,21337
2023-09-06 12:52:51,5,6,10482,21478
2023-09-06 12:52:52,5,7,10482,21478
2023-09-06 12:53:15,5,7,10332,21628
2023-09-06 12:53:15,5,6,10332,21628
2023-09-06 12:53:19,4,6,10332,21628
2023-09-06 12:53:26,4,5,10332,21628
2023-09-06 12:53:50,4,5,10582,21878
2023-09-06 12:53:51,4,5,10832,22128
2023-09-06 12:53:52,4,5,11082,22378
2023-09-06 12:53:56,4,5,11332,22628
2023-09-06 12:58:19,4,5,11614,22910
2023-09-06 12:59:42,4,5,11614,23110
2023-09-06 13:00:46,3,4,12185,23760
2023-09-06 13:00:48,3,4,12435,24010
2023-09-06 13:06:13,3,4,12635,24210
2023-09-06 13:06:15,3,4,12885,24460
2023-09-06 13:06:16,3,4,13135,24710
2023-09-06 13:06:18,3,4,13385,24960
2023-09-06 13:06:20,3,6,13535,25110
2023-09-06 13:06:24,4,6,13535,25110
2023-09-06 13:06:25,4,7,13535,25110
2023-09-06 13:07:30,4,6,13535,25110
2023-09-06 13:07:31,4,7,13535,25110
2023-09-06 13:07:34,4,6,13535,25110
2023-09-06 13:07:47,4,7,13535,25110
2023-09-06 13:07:51,4,6,13535,25110
2023-09-06 13:07:52,4,7,13535,25110
2023-09-06 13:08:00,5,7,13535,25110
2023-09-06 13:08:02,5,6,13535,25110
2023-09-06 13:08:03,5,7,13535,25110
2023-09-06 13:08:04,5,6,13535,25110
2023-09-06 13:08:42,5,7,13535,25110
2023-09-06 13:08:54,5,6,13535,25110
2023-09-06 13:09:02,5,7,13535,25110
2023-09-06 13:10:13,5,6,13535,25110
2023-09-06 13:10:18,5,7,13535,25110
2023-09-06 13:11:14,5,7,13535,25128
2023-09-06 13:12:56,6,7,13535,25128
2023-09-06 13:13:20,5,7,13535,25128
2023-09-06 13:13:27,5,7,13535,25378
2023-09-06 13:13:37,4,7,13535,25378
2023-09-06 13:13:44,5,7,13535,25378
2023-09-06 13:14:25,6,7,13535,25378
2023-09-06 13:14:28,6,7,13785,25628
2023-09-06 13:14:30,5,7,13785,25628
2023-09-06 13:14:30,6,7,13785,25628
2023-09-06 13:14:42,6,8,13785,25628
2023-09-06 13:14:45,5,8,13785,25628
2023-09-06 13:14:45,6,8,13785,25628
2023-09-06 13:15:01,7,8,13785,25628
2023-09-06 13:15:10,7,8,13775,25638
2023-09-06 13:15:19,6,8,13775,25738
2023-09-06 13:15:22,7,8,13775,25738
2023-09-06 13:15:22,7,9,13775,25738
2023-09-06 13:15:23,7,10,13775,25738
2023-09-06 13:15:36,8,10,13775,25738
2023-09-06 13:15:47,7,10,13775,25738
2023-09-06 13:16:04,8,10,13775,25738
2023-09-06 13:16:08,7,10,13775,25738
2023-09-06 13:16:35,6,10,13775,25738
2023-09-06 13:16:36,6,9,13775,25738
2023-09-06 13:17:00,5,9,13775,25738
2023-09-06 13:17:00,5,8,13775,25738
2023-09-06 13:17:02,5,9,13775,25738
2023-09-06 13:17:06,6,9,13775,25738
2023-09-06 13:18:37,6,10,13775,25738
2023-09-06 13:18:39,7,10,13775,25738
2023-09-06 13:19:17,8,10,13775,25738
2023-09-06 13:20:01,9,10,13775,25738
2023-09-06 13:20:09,8,10,13775,25738
2023-09-06 13:20:25,7,10,13775,25738
2023-09-06 13:20:38,8,10,13775,25738
2023-09-06 13:20:39,7,10,13775,25738
2023-09-06 13:20:55,6,10,13775,25738
2023-09-06 13:20:59,6,9,13775,25738
2023-09-06 13:21:50,6,10,13775,25738
2023-09-06 13:21:59,6,9,13775,25738
2023-09-06 13:22:28,6,10,13775,25738
2023-09-06 13:22:32,7,10,13775,25738
2023-09-06 13:24:00,7,9,13775,25738
2023-09-06 13:24:19,6,9,13775,25738
2023-09-06 13:24:59,6,8,13775,25738
2023-09-06 13:26:06,5,8,13775,25738
2023-09-06 13:26:24,4,8,13775,25738
2023-09-06 13:26:24,4,7,13775,25738
2023-09-06 13:26:41,5,7,13775,25738
2023-09-06 13:26:41,5,8,13775,25738
2023-09-06 13:27:36,5,9,13775,25738
2023-09-06 13:27:39,6,9,13775,25738
2023-09-06 13:27:45,7,9,13775,25738
2023-09-06 13:27:46,6,9,13775,25738
2023-09-06 13:27:47,7,9,13775,25738
2023-09-06 13:27:48,6,9,13775,25738
2023-09-06 13:27:49,7,9,13775,25738
2023-09-06 13:27:50,6,9,13775,25738
2023-09-06 13:27:51,7,9,13775,25738
2023-09-06 13:27:52,6,9,13775,25738
2023-09-06 13:27:53,7,9,13775,25738
2023-09-06 13:27:53,7,10,13775,25738
2023-09-06 13:27:54,6,10,13775,25738
2023-09-06 13:27:55,7,10,13775,25738
2023-09-06 13:27:56,6,10,13775,25738
2023-09-06 13:27:57,7,10,13775,25738
2023-09-06 13:28:05,6,10,13775,25738
2023-09-06 13:28:24,6,9,13775,25738
2023-09-06 13:29:40,5,9,13775,25738
2023-09-06 13:29:40,5,8,13775,25738
2023-09-06 13:30:11,6,8,13775,25738
2023-09-06 13:30:11,6,9,13775,25738
2023-09-06 13:33:23,5,9,13775,25738
2023-09-06 13:33:24,5,8,13775,25738
2023-09-06 13:33:44,5,9,13775,25738
2023-09-06 13:33:47,6,9,13775,25738
2023-09-06 13:34:25,7,9,13775,25738
2023-09-06 13:34:40,8,10,13775,25738
2023-09-06 13:34:43,7,10,13775,25738
2023-09-06 13:35:22,6,10,13775,25738
2023-09-06 13:36:17,7,9,13775,25738
2023-09-06 13:36:19,7,10,13775,25738
2023-09-06 13:38:16,8,10,13775,25738
2023-09-06 13:38:22,7,10,13775,25738
2023-09-06 13:38:44,8,10,13775,25738
2023-09-06 13:40:38,7,10,13775,25738
2023-09-06 13:40:48,8,10,13775,25738
2023-09-06 13:40:49,7,10,13775,25738
2023-09-06 13:40:50,8,10,13775,25738
2023-09-06 13:40:51,7,10,13775,25738
2023-09-06 13:40:52,8,10,13775,25738
2023-09-06 13:40:53,7,10,13775,25738
2023-09-06 13:40:54,8,10,13775,25738
2023-09-06 13:40:55,7,10,13775,25738
2023-09-06 13:40:56,8,10,13775,25738
2023-09-06 13:40:57,7,10,13775,25738
2023-09-06 13:40:58,8,10,13775,25738
2023-09-06 13:40:59,7,10,13775,25738
2023-09-06 13:41:00,8,10,13775,25738
2023-09-06 13:41:01,7,10,13775,25738
2023-09-06 13:41:02,8,10,13775,25738
2023-09-06 13:41:03,7,10,13775,25738
2023-09-06 13:41:04,8,10,13775,25738
2023-09-06 13:41:05,7,10,13775,25738
2023-09-06 13:41:35,6,10,13775,25738
2023-09-06 13:41:40,6,9,13775,25738
2023-09-06 13:43:02,6,8,13775,25738
2023-09-06 13:43:17,6,9,13775,25738
2023-09-06 13:43:32,6,8,13775,25738
2023-09-06 13:44:12,7,8,13775,25738
2023-09-06 13:44:12,7,8,13975,25938
2023-09-06 13:44:13,7,9,13975,25938
2023-09-06 13:44:13,7,10,13975,25938
2023-09-06 13:44:14,9,10,13975,25938
2023-09-06 13:45:11,8,10,13975,25938
2023-09-06 13:45:11,7,10,13975,25938
2023-09-06 13:45:11,8,10,13975,25938
2023-09-06 13:45:27,8,9,13975,25938
2023-09-06 13:45:32,8,10,13975,25938
2023-09-06 13:45:33,8,9,13975,25938
2023-09-06 13:45:43,8,10,13975,25938
2023-09-06 13:45:51,8,9,13975,25938
2023-09-06 13:46:31,8,10,13975,25938
2023-09-06 13:46:33,7,10,13975,25938
2023-09-06 13:46:33,9,10,13975,25938
2023-09-06 13:47:33,10,11,13975,25948
2023-09-06 13:48:57,10,12,13975,25948
2023-09-06 13:48:57,11,12,13975,25948
2023-09-06 13:50:06,12,14,13975,25958
2023-09-06 13:50:21,11,14,13975,25958
2023-09-06 13:50:21,13,14,13975,25958
2023-09-06 13:50:25,13,15,13975,25958
2023-09-06 13:50:39,13,14,13975,25958
2023-09-06 13:50:41,13,15,13975,25958
2023-09-06 13:50:43,13,14,13975,25958
2023-09-06 13:50:44,13,15,13975,25958
2023-09-06 13:50:48,13,14,13975,25958
2023-09-06 13:50:59,12,14,13975,25958
2023-09-06 13:51:07,13,14,13975,25958
2023-09-06 13:51:36,12,13,13795,26138
2023-09-06 13:51:37,12,14,13795,26138
2023-09-06 13:51:37,11,14,13795,26138
2023-09-06 13:51:38,11,13,13795,26138
2023-09-06 13:51:43,11,14,13795,26138
2023-09-06 13:51:48,11,13,13795,26138
2023-09-06 13:51:49,10,13,13795,26138
2023-09-06 13:51:50,10,12,13795,26138
2023-09-06 13:51:55,9,12,13795,26138
2023-09-06 13:52:15,9,11,13795,26138
2023-09-06 13:52:24,8,11,13795,26138
2023-09-06 13:52:45,7,11,13795,26138
2023-09-06 13:52:50,7,10,13795,26138
2023-09-06 13:53:19,8,10,13795,26138
2023-09-06 13:53:37,8,11,13795,26138
2023-09-06 13:53:46,8,10,13795,26138
2023-09-06 13:54:58,8,11,13795,26138
2023-09-06 13:55:21,8,10,13795,26138
2023-09-06 13:55:33,8,9,13795,26138
2023-09-06 13:55:38,7,8,14045,26388
2023-09-06 13:56:14,6,8,14045,26388
2023-09-06 13:56:52,6,9,14045,26388
2023-09-06 13:57:09,6,10,14045,26388
2023-09-06 13:57:26,7,10,14045,26388
2023-09-06 13:57:26,9,10,14045,26388
2023-09-06 13:57:27,9,11,14045,26388
2023-09-06 13:57:28,9,12,14045,26388
2023-09-06 13:57:28,9,13,14045,26388
2023-09-06 13:57:28,10,13,14045,26388
2023-09-06 13:57:32,10,14,14045,26388
2023-09-06 13:57:57,10,13,14045,26388
2023-09-06 13:58:16,10,12,14045,26388
2023-09-06 13:58:16,9,12,14045,26388
2023-09-06 13:58:18,9,13,14045,26388
2023-09-06 13:58:27,9,12,14045,26388
2023-09-06 13:58:34,9,13,14045,26388
2023-09-06 13:58:36,9,12,14045,26388
2023-09-06 13:58:38,9,13,14045,26388
2023-09-06 13:58:41,9,12,14045,26388
2023-09-06 13:58:46,9,11,14045,26388
2023-09-06 13:58:46,8,11,14045,26388
2023-09-06 13:59:19,8,10,14045,26388
2023-09-06 13:59:20,7,10,14045,26388
2023-09-06 13:59:53,6,10,14045,26388
2023-09-06 13:59:53,6,9,14045,26388
2023-09-06 14:00:02,6,9,14245,26588
2023-09-06 14:00:03,6,8,14245,26588
2023-09-06 14:00:03,6,8,14417,26760
2023-09-06 14:00:06,6,8,14529,26872
2023-09-06 14:00:08,5,8,14529,26872
2023-09-06 14:00:08,5,7,14529,26872
2023-09-06 14:00:11,6,7,14529,26872
2023-09-06 14:00:11,6,7,14329,27072
2023-09-06 14:00:12,5,7,14329,27072
2023-09-06 14:00:12,5,8,14245,27156
2023-09-06 14:00:12,6,8,14245,27156
2023-09-06 14:00:16,7,8,14245,27156
2023-09-06 14:00:19,6,8,14245,27156
2023-09-06 14:00:38,6,7,14245,27156
2023-09-06 14:00:43,5,7,14245,27156
2023-09-06 14:00:51,5,8,14245,27156
2023-09-06 14:00:56,5,7,14245,27156
2023-09-06 14:01:06,5,8,14245,27156
2023-09-06 14:01:08,6,8,14245,27156
2023-09-06 14:01:09,6,9,14245,27156
2023-09-06 14:01:14,6,10,14245,27156
2023-09-06 14:01:14,6,9,14245,27156
2023-09-06 14:01:31,6,10,14245,27156
2023-09-06 14:01:31,7,10,14245,27156
2023-09-06 14:01:42,8,10,14245,27156
2023-09-06 14:01:46,7,10,14245,27156
2023-09-06 14:01:54,8,10,14245,27156
2023-09-06 14:02:02,7,10,14245,27156
2023-09-06 14:02:08,7,9,14245,27156
2023-09-06 14:02:27,6,9,14245,27156
2023-09-06 14:02:29,6,8,14245,27156
2023-09-06 14:02:29,5,8,14245,27156
2023-09-06 14:02:43,5,7,14245,27156
2023-09-06 14:02:57,4,7,14245,27156
2023-09-06 14:03:04,4,6,14245,27156
2023-09-06 14:03:05,4,7,14245,27156
2023-09-06 14:03:27,4,6,14245,27156
2023-09-06 14:03:28,3,6,14245,27156
2023-09-06 14:03:42,3,7,14245,27156
2023-09-06 14:03:42,4,7,14245,27156
2023-09-06 14:04:07,4,6,14245,27156
2023-09-06 14:04:11,4,7,14245,27156
2023-09-06 14:06:20,4,8,14245,27156
2023-09-06 14:06:21,5,8,14245,27156
2023-09-06 14:07:18,4,8,14245,27156
2023-09-06 14:07:40,4,7,14245,27156
2023-09-06 14:08:03,4,8,14245,27156
2023-09-06 14:08:05,5,8,14245,27156
2023-09-06 14:08:16,6,8,14245,27156
2023-09-06 14:08:16,6,9,14245,27156
2023-09-06 14:08:41,6,9,14245,27263
2023-09-06 14:08:42,7,9,14245,27263
2023-09-06 14:08:42,7,10,14245,27263
2023-09-06 14:09:23,8,10,14245,27263
2023-09-06 14:09:24,8,11,14245,27263
2023-09-06 14:09:33,9,11,14245,27263
2023-09-06 14:09:43,9,12,14245,27263
2023-09-06 14:09:44,9,11,14245,27263
2023-09-06 14:10:13,8,11,14245,27263
2023-09-06 14:10:19,8,10,14245,27263
2023-09-06 14:10:19,7,10,14245,27263
2023-09-06 14:10:30,8,10,14245,27263
2023-09-06 14:10:42,7,10,14245,27263
2023-09-06 14:11:57,7,9,14245,27263
2023-09-06 14:12:01,6,9,14245,27263
2023-09-06 14:12:03,6,8,14245,27263
2023-09-06 14:12:10,6,9,14245,27263
2023-09-06 14:12:50,7,9,14245,27263
2023-09-06 14:12:51,7,10,14245,27263
2023-09-06 14:13:03,7,9,14245,27263
2023-09-06 14:13:10,7,10,14245,27263
2023-09-06 14:13:17,8,10,14245,27263
2023-09-06 14:13:20,8,11,14245,27263
2023-09-06 14:14:41,8,10,14245,27263
2023-09-06 14:14:42,8,11,14245,27263
2023-09-06 14:14:44,8,10,14245,27263
2023-09-06 14:14:46,8,11,14245,27263
2023-09-06 14:14:48,8,10,14245,27263
2023-09-06 14:14:50,8,11,14245,27263
2023-09-06 14:14:54,8,10,14245,27263
2023-09-06 14:15:12,8,11,14245,27263
2023-09-06 14:15:17,8,10,14245,27263
2023-09-06 14:15:29,7,10,14245,27263
2023-09-06 14:15:34,7,9,14245,27263
2023-09-06 14:15:53,7,8,14245,27263
2023-09-06 14:15:53,6,8,14245,27263
2023-09-06 14:16:27,5,8,14245,27263
2023-09-06 14:16:28,5,7,14245,27263
2023-09-06 14:17:00,5,8,14245,27263
2023-09-06 14:17:24,5,7,14245,27263
2023-09-06 14:17:26,5,8,14245,27263
2023-09-06 14:17:28,5,7,14245,27263
2023-09-06 14:17:44,4,7,14245,27263
2023-09-06 14:18:20,4,8,14245,27263
2023-09-06 14:18:22,4,7,14245,27263
2023-09-06 14:18:57,4,6,14245,27263
2023-09-06 14:18:57,3,6,14245,27263
2023-09-06 14:19:03,4,6,14245,27263
2023-09-06 14:19:04,4,7,14245,27263
2023-09-06 14:19:22,4,8,14245,27263
2023-09-06 14:19:23,5,8,14245,27263
2023-09-06 14:19:24,4,8,14245,27263
2023-09-06 14:19:29,4,7,14245,27263
2023-09-06 14:19:37,5,7,14245,27263
2023-09-06 14:19:37,5,8,14245,27263
2023-09-06 14:19:38,4,8,14245,27263
2023-09-06 14:19:38,5,8,14245,27263
2023-09-06 14:19:46,5,9,14245,27263
2023-09-06 14:19:52,6,9,14245,27263
2023-09-06 14:19:54,6,8,14245,27263
2023-09-06 14:20:06,5,8,14245,27263
2023-09-06 14:22:21,4,8,14245,27263
2023-09-06 14:22:24,4,7,14245,27263
2023-09-06 14:24:21,3,7,14245,27263
2023-09-06 14:24:30,4,7,14245,27263
2023-09-06 14:24:37,3,7,14245,27263
2023-09-06 14:24:43,4,7,14245,27263
2023-09-06 14:25:36,4,8,14245,27263
2023-09-06 14:25:41,5,8,14245,27263
2023-09-06 14:26:03,6,8,14245,27263
2023-09-06 14:26:04,6,9,14245,27263
2023-09-06 14:26:32,5,9,14245,27263
2023-09-06 14:26:32,7,9,14245,27263
2023-09-06 14:26:32,7,10,14245,27263
2023-09-06 14:26:39,6,10,14245,27263
2023-09-06 14:26:39,8,10,14245,27263
2023-09-06 14:26:43,8,10,14245,27263
2023-09-06 14:26:45,7,10,14245,27263
2023-09-06 14:26:54,7,11,14245,27263
2023-09-06 14:27:01,7,10,14245,27263
2023-09-06 14:27:02,7,11,14245,27263
2023-09-06 14:27:02,7,10,14245,27263
2023-09-06 14:27:03,7,11,14245,27263
2023-09-06 14:27:03,7,10,14245,27263
2023-09-06 14:27:04,7,11,14245,27263
2023-09-06 14:27:06,8,11,14245,27263
2023-09-06 14:27:52,9,11,14245,27263
2023-09-06 14:27:53,9,10,14245,27263
2023-09-06 14:27:54,9,11,14245,27263
2023-09-06 14:28:09,9,12,14245,27263
2023-09-06 14:28:09,8,12,14245,27263
2023-09-06 14:28:09,10,12,14245,27263
2023-09-06 14:28:20,10,11,14245,27263
2023-09-06 14:28:22,9,11,14245,27263
2023-09-06 14:29:11,9,12,14245,27263
2023-09-06 14:29:13,9,10,14245,27263
2023-09-06 14:29:52,8,10,14245,27263
2023-09-06 14:30:07,9,10,14245,27263
2023-09-06 14:30:30,8,10,14245,27263
2023-09-06 14:30:32,9,10,14245,27263
2023-09-06 14:31:27,9,13,14175,27333
2023-09-06 14:31:30,10,13,14175,27333
2023-09-06 14:31:33,10,14,14175,27333
2023-09-06 14:31:36,11,14,14175,27333
2023-09-06 14:31:43,11,13,14175,27333
2023-09-06 14:31:46,11,14,14175,27333
2023-09-06 14:31:48,12,14,14175,27333
2023-09-06 14:32:01,13,14,14175,27333
2023-09-06 14:32:03,12,14,14175,27333
2023-09-06 14:32:16,13,14,14175,27333
2023-09-06 14:32:18,12,14,14175,27333
2023-09-06 14:32:19,13,14,14175,27333
2023-09-06 14:32:25,12,14,14175,27333
2023-09-06 14:32:48,13,14,14175,27333
2023-09-06 14:32:52,13,16,14175,27533
2023-09-06 14:33:04,13,16,14075,27633
2023-09-06 14:33:05,14,16,14075,27633
2023-09-06 14:33:13,14,18,14075,27633
2023-09-06 14:33:27,15,18,14075,27633
2023-09-06 14:33:39,14,18,14075,27633
2023-09-06 14:33:51,14,17,14075,27633
2023-09-06 14:34:04,14,18,14075,27633
2023-09-06 14:34:06,14,17,14075,27633
2023-09-06 14:34:18,13,17,14075,27633
2023-09-06 14:34:19,13,16,14075,27633
2023-09-06 14:34:19,12,16,14075,27633
2023-09-06 14:34:25,11,16,14075,27633
2023-09-06 14:34:27,12,16,14075,27633
2023-09-06 14:34:28,11,16,14075,27633
2023-09-06 14:34:32,11,14,14075,27633
2023-09-06 14:34:37,11,15,14075,27633
2023-09-06 14:34:37,12,15,14075,27633
2023-09-06 14:34:37,12,16,14075,27633
2023-09-06 14:34:50,12,15,14075,27633
2023-09-06 14:34:51,11,15,14075,27633
2023-09-06 14:35:19,12,15,14075,27633
2023-09-06 14:35:28,11,15,14075,27633
2023-09-06 14:35:45,11,14,14075,27633
2023-09-06 14:35:47,11,15,14075,27633
2023-09-06 14:35:49,12,15,14075,27633
2023-09-06 14:36:00,12,16,14075,27633
2023-09-06 14:36:11,13,16,14075,27633
2023-09-06 14:36:18,14,16,14075,27633
2023-09-06 14:36:26,13,16,14075,27633
2023-09-06 14:36:32,13,17,14075,27633
2023-09-06 14:36:58,13,17,14075,27633
2023-09-06 14:36:58,13,16,14075,27633
2023-09-06 14:36:59,13,17,14075,27633
2023-09-06 14:37:13,14,17,14075,27633
2023-09-06 14:37:30,14,18,14075,27633
2023-09-06 14:37:31,14,17,14075,27633
2023-09-06 14:37:34,14,18,14075,27633
2023-09-06 14:37:39,14,17,14075,27633
2023-09-06 14:37:42,14,18,14075,27633
2023-09-06 14:38:01,14,17,14075,27633
2023-09-06 14:38:52,13,17,14075,27633
2023-09-06 14:38:57,13,16,14075,27633
2023-09-06 14:38:58,13,17,14075,27633
2023-09-06 14:38:59,13,16,14075,27633
2023-09-06 14:39:01,14,16,14075,27633
2023-09-06 14:39:01,14,17,14075,27633
2023-09-06 14:39:11,14,18,14075,27633
2023-09-06 14:39:15,14,17,14075,27633
2023-09-06 14:39:16,14,18,14075,27633
2023-09-06 14:39:17,14,17,14075,27633
2023-09-06 14:39:19,14,18,14075,27633
2023-09-06 14:39:26,14,17,14075,27633
2023-09-06 14:40:14,14,18,14075,27633
2023-09-06 14:40:15,14,17,14075,27633
2023-09-06 14:40:24,13,17,14075,27633
2023-09-06 14:40:37,13,16,14075,27633
2023-09-06 14:40:44,12,16,14075,27633
2023-09-06 14:40:50,13,16,14075,27633
2023-09-06 14:40:55,13,17,14075,27633
2023-09-06 14:41:03,13,16,14075,27633
2023-09-06 14:41:08,12,16,14075,27633
2023-09-06 14:41:41,13,16,14075,27633
2023-09-06 14:41:41,13,17,14075,27633
2023-09-06 14:41:41,14,17,14075,27633
2023-09-06 14:41:48,15,17,14075,27633
2023-09-06 14:41:59,14,17,14075,27633
2023-09-06 14:42:01,15,17,14075,27633
2023-09-06 14:42:01,15,18,14075,27633
2023-09-06 14:42:09,16,18,14075,27633
2023-09-06 14:42:34,15,18,14075,27633
2023-09-06 14:42:44,15,17,14075,27633
2023-09-06 14:42:44,14,17,14075,27633
2023-09-06 14:42:45,14,18,14075,27633
2023-09-06 14:42:46,14,17,14075,27633
2023-09-06 14:42:48,14,18,14075,27633
2023-09-06 14:42:48,15,18,14075,27633
2023-09-06 14:43:03,15,17,14075,27633
2023-09-06 14:43:03,14,17,14075,27633
2023-09-06 14:43:05,14,16,14075,27633
2023-09-06 14:43:06,13,16,14075,27633
2023-09-06 14:43:12,13,17,14075,27633
2023-09-06 14:43:26,14,17,14075,27633
2023-09-06 14:43:27,13,17,14075,27633
2023-09-06 14:43:38,13,16,14075,27633
2023-09-06 14:43:47,13,17,14075,27633
2023-09-06 14:43:48,13,16,14075,27633
2023-09-06 14:44:00,13,17,14075,27633
2023-09-06 14:44:02,14,17,14075,27633
2023-09-06 14:44:03,13,17,14075,27633
2023-09-06 14:44:04,13,16,14075,27633
2023-09-06 14:44:05,13,17,14075,27633
2023-09-06 14:44:06,14,17,14075,27633
2023-09-06 14:44:13,13,17,14075,27633
2023-09-06 14:44:19,13,15,14075,27633
2023-09-06 14:44:33,14,15,14075,27633
2023-09-06 14:44:34,14,17,14075,27633
2023-09-06 14:44:49,14,18,14075,27633
2023-09-06 14:44:49,15,18,14075,27633
2023-09-06 14:44:57,14,18,14075,27633
2023-09-06 14:44:57,16,18,14075,27633
2023-09-06 14:44:58,16,20,14075,27633
2023-09-06 14:44:58,17,20,14075,27633
2023-09-06 14:45:02,15,20,14075,27633
2023-09-06 14:45:08,14,20,14075,27633
2023-09-06 14:45:08,17,20,14075,27633
2023-09-06 14:45:24,17,19,14075,27633
2023-09-06 14:45:24,16,19,14075,27633
2023-09-06 14:45:25,16,20,14075,27633
2023-09-06 14:45:25,16,19,14075,27633
2023-09-06 14:45:26,16,20,14075,27633
2023-09-06 14:45:26,16,19,14075,27633
2023-09-06 14:45:28,16,18,14075,27633
2023-09-06 14:45:28,16,19,14075,27633
2023-09-06 14:45:39,15,19,14075,27633
2023-09-06 14:45:43,15,18,14075,27633
2023-09-06 14:45:53,15,17,14075,27633
2023-09-06 14:45:57,14,17,14075,27633
2023-09-06 14:46:12,14,16,14075,27633
2023-09-06 14:46:16,13,16,14075,27633
2023-09-06 14:46:18,13,17,14075,27633
2023-09-06 14:46:18,14,17,14075,27633
2023-09-06 14:46:19,14,16,14075,27633
2023-09-06 14:46:20,13,16,14075,27633
2023-09-06 14:46:23,14,16,14075,27633
2023-09-06 14:46:25,14,17,14075,27633
2023-09-06 14:46:32,15,17,14075,27633
2023-09-06 14:46:39,14,17,14075,27633
2023-09-06 14:46:46,15,17,14075,27633
2023-09-06 14:46:48,14,17,14075,27633
2023-09-06 14:47:08,15,17,14075,27633
2023-09-06 14:47:12,14,17,14075,27633
2023-09-06 14:47:20,14,16,14075,27633
2023-09-06 14:47:20,13,16,14075,27633
2023-09-06 14:47:24,14,16,14075,27633
2023-09-06 14:47:27,14,17,14075,27633
2023-09-06 14:47:42,15,17,14075,27633
2023-09-06 14:47:49,14,17,14075,27633
2023-09-06 14:48:00,15,17,14075,27633
2023-09-06 14:48:04,14,17,14075,27633
2023-09-06 14:48:07,15,17,14075,27633
2023-09-06 14:48:08,16,17,14075,27633
2023-09-06 14:48:17,14,17,14075,27633
2023-09-06 14:48:18,15,17,14075,27633
2023-09-06 14:48:59,14,17,14075,27633
2023-09-06 14:49:35,13,17,14075,27633
2023-09-06 14:49:43,14,17,14075,27633
2023-09-06 14:50:17,15,17,14075,27633
2023-09-06 14:50:21,15,20,14075,27633
2023-09-06 14:50:21,15,19,14075,27633
2023-09-06 14:50:27,15,20,14075,27633
2023-09-06 14:50:30,16,20,14075,27633
2023-09-06 14:50:44,16,19,14075,27633
2023-09-06 14:50:46,15,19,14075,27633
2023-09-06 14:50:59,15,17,14075,27633
2023-09-06 14:50:59,14,17,14075,27633
2023-09-06 14:51:14,15,17,14075,27633
2023-09-06 14:51:17,15,19,14075,27633
2023-09-06 14:51:38,15,20,14075,27633
2023-09-06 14:51:38,15,19,14075,27633
2023-09-06 14:51:43,16,19,14075,27633
2023-09-06 14:51:45,16,18,14075,27633
2023-09-06 14:51:45,15,18,14075,27633
2023-09-06 14:52:04,15,19,14075,27633
2023-09-06 14:52:04,15,20,14075,27633
2023-09-06 14:52:10,16,20,14075,27633
2023-09-06 14:52:48,16,19,14075,27633
2023-09-06 14:52:54,16,18,14075,27633
2023-09-06 14:52:56,16,19,14075,27633
2023-09-06 14:52:59,16,18,14075,27633
2023-09-06 14:52:59,15,18,14075,27633
2023-09-06 14:53:02,15,19,14075,27633
2023-09-06 14:53:03,15,18,14075,27633
2023-09-06 14:53:03,15,17,14075,27633
2023-09-06 14:53:16,14,17,14075,27633
2023-09-06 14:53:19,15,17,14075,27633
2023-09-06 14:53:22,15,18,14075,27633
2023-09-06 14:54:32,15,17,14075,27633
2023-09-06 14:54:33,15,18,14075,27633
2023-09-06 14:54:40,15,17,14075,27633
2023-09-06 14:54:51,15,18,14075,27633
2023-09-06 14:54:54,15,17,14075,27633
2023-09-06 14:55:04,15,18,14075,27633
2023-09-06 14:55:06,15,17,14075,27633
2023-09-06 14:55:07,14,17,14075,27633
2023-09-06 14:55:07,14,16,14075,27633
2023-09-06 14:55:10,13,16,14075,27633
2023-09-06 14:55:12,12,16,14075,27633
2023-09-06 14:55:16,13,16,14075,27633
2023-09-06 14:55:21,13,17,14075,27633
2023-09-06 14:55:21,14,17,14075,27633
2023-09-06 14:55:28,13,17,14075,27633
2023-09-06 14:55:41,13,15,14075,27633
2023-09-06 14:55:41,12,15,14075,27633
2023-09-06 14:55:46,13,15,14075,27633
2023-09-06 14:55:47,12,15,14075,27633
2023-09-06 14:56:03,12,14,14075,27633
2023-09-06 14:56:03,11,14,14075,27633
2023-09-06 14:56:08,11,13,14075,27633
2023-09-06 14:56:11,10,13,14075,27633
2023-09-06 14:56:17,9,13,14075,27633
2023-09-06 14:56:18,9,12,14075,27633
2023-09-06 14:56:33,8,12,14075,27633
2023-09-06 14:56:41,9,12,14075,27633
2023-09-06 14:56:44,8,12,14075,27633
2023-09-06 14:56:53,8,11,14075,27633
2023-09-06 14:57:00,7,11,14075,27633
2023-09-06 14:57:03,7,12,14075,27633
2023-09-06 14:57:03,8,12,14075,27633
2023-09-06 14:57:08,8,11,14075,27633
2023-09-06 14:57:16,7,11,14075,27633
2023-09-06 14:57:17,7,10,14075,27633
2023-09-06 14:57:27,7,11,14075,27633
2023-09-06 14:57:36,6,11,14075,27633
2023-09-06 14:57:36,8,11,14075,27633
2023-09-06 14:57:41,8,12,14075,27633
2023-09-06 14:57:42,8,11,14075,27633
2023-09-06 14:57:49,8,12,14075,27633
2023-09-06 14:57:51,8,11,14075,27633
2023-09-06 14:59:19,7,11,14075,27633
2023-09-06 14:59:19,9,11,14075,27633
2023-09-06 14:59:19,9,12,14075,27633
2023-09-06 14:59:19,8,12,14075,27633
2023-09-06 14:59:19,9,12,14075,27633
2023-09-06 14:59:32,9,11,14075,27633
2023-09-06 14:59:34,7,11,14075,27633
2023-09-06 14:59:34,8,11,14075,27633
2023-09-06 15:00:23,8,12,14075,27633
2023-09-06 15:00:24,8,11,14075,27633
2023-09-06 15:00:28,8,12,14075,27633
2023-09-06 15:00:30,7,12,14075,27633
2023-09-06 15:00:30,9,12,14075,27633
2023-09-06 15:00:41,9,10,14075,27633
2023-09-06 15:00:41,8,10,14075,27633
2023-09-06 15:00:44,6,10,14075,27633
2023-09-06 15:00:47,7,9,14075,27633
2023-09-06 15:00:58,6,9,14075,27633
2023-09-06 15:01:10,7,9,14075,27633
2023-09-06 15:01:14,6,9,14075,27633
2023-09-06 15:01:19,6,8,14075,27633
2023-09-06 15:01:21,5,8,14075,27633
2023-09-06 15:01:25,5,7,14075,27633
2023-09-06 15:01:35,5,8,14075,27633
2023-09-06 15:01:53,5,7,14075,27633
2023-09-06 15:01:54,5,8,14075,27633
2023-09-06 15:01:54,5,7,14075,27633
2023-09-06 15:01:55,4,7,14075,27633
2023-09-06 15:02:27,4,8,14075,27633
2023-09-06 15:02:27,4,8,14075,27633
2023-09-06 15:02:28,4,7,14075,27633
2023-09-06 15:02:30,4,8,14075,27633
2023-09-06 15:02:34,4,7,14075,27633
2023-09-06 15:03:11,4,8,14075,27633
2023-09-06 15:03:12,4,7,14075,27633
2023-09-06 15:03:33,4,6,14075,27633
2023-09-06 15:03:36,4,7,14075,27633
2023-09-06 15:03:40,4,8,14075,27633
2023-09-06 15:03:44,5,8,14075,27633
2023-09-06 15:03:47,5,7,14075,27633
2023-09-06 15:03:47,4,7,14075,27633
2023-09-06 15:03:48,4,8,14075,27633
2023-09-06 15:03:49,4,7,14075,27633
2023-09-06 15:03:55,4,8,14075,27633
2023-09-06 15:03:57,4,7,14075,27633
2023-09-06 15:04:31,4,6,14075,27633
2023-09-06 15:04:35,3,6,14075,27633
2023-09-06 15:04:36,3,5,14075,27633
2023-09-06 15:05:36,3,4,14075,27633
2023-09-06 15:07:03,3,4,14143,27701
2023-09-06 15:07:05,3,4,14143,27901
2023-09-06 15:07:05,3,4,14190,27948
2023-09-06 15:07:16,3,4,14283,28041
2023-09-06 15:07:54,3,5,14283,28041
2023-09-06 15:07:59,3,4,14283,28041
2023-09-06 15:08:18,3,5,14283,28041
2023-09-06 15:08:19,3,4,14283,28041
2023-09-06 15:08:25,3,5,14283,28041
2023-09-06 15:08:36,3,4,14283,28041
2023-09-06 15:10:36,3,5,14283,28041
2023-09-06 15:10:47,3,6,14283,28041
2023-09-06 15:11:22,3,5,14283,28041
2023-09-06 15:11:36,3,6,14283,28041
2023-09-06 15:12:06,3,5,14283,28041
2023-09-06 15:12:13,3,6,14283,28041
2023-09-06 15:12:19,4,6,14283,28041
2023-09-06 15:12:20,4,7,14283,28041
2023-09-06 15:12:40,4,6,14283,28041
2023-09-06 15:12:51,3,6,14283,28041
2023-09-06 15:13:30,3,5,14283,28041
2023-09-06 15:14:19,3,6,14283,28041
2023-09-06 15:14:35,3,7,14283,28041
2023-09-06 15:14:35,4,7,14283,28041
2023-09-06 15:14:44,4,8,14283,28041
2023-09-06 15:14:47,4,7,14283,28041
2023-09-06 15:15:07,3,7,14283,28041
2023-09-06 15:15:07,5,7,14283,28041
2023-09-06 15:15:11,3,7,14283,28041
2023-09-06 15:15:26,3,7,14283,28041
2023-09-06 15:15:28,5,8,14283,28041
2023-09-06 15:15:29,5,7,14283,28041
2023-09-06 15:15:37,5,8,14283,28041
2023-09-06 15:15:46,4,8,14283,28041
2023-09-06 15:15:46,6,8,14283,28041
2023-09-06 15:16:00,5,8,14283,28041
2023-09-06 15:16:04,5,7,14283,28041
2023-09-06 15:16:10,5,8,14283,28041
2023-09-06 15:16:28,5,7,14283,28041
2023-09-06 15:16:31,5,8,14283,28041
2023-09-06 15:16:44,5,7,14283,28041
2023-09-06 15:16:46,5,8,14283,28041
2023-09-06 15:17:14,4,8,14283,28041
2023-09-06 15:17:14,6,8,14283,28041
2023-09-06 15:17:23,6,9,14283,28041
2023-09-06 15:17:36,9,10,14427,28291
2023-09-06 15:17:36,6,10,14502,28366
2023-09-06 15:17:39,6,9,14502,28366
2023-09-06 15:17:42,6,10,14502,28366
2023-09-06 15:17:57,5,10,14502,28366
2023-09-06 15:18:03,8,10,14502,28366
2023-09-06 15:18:21,8,9,14502,28366
2023-09-06 15:18:21,8,9,14586,28450
2023-09-06 15:18:31,5,8,14702,28566
2023-09-06 15:18:32,5,9,14702,28566
2023-09-06 15:18:36,5,8,14702,28566
2023-09-06 15:19:25,5,9,14702,28566
2023-09-06 15:19:32,6,9,14702,28566
2023-09-06 15:19:59,6,10,14702,28566
2023-09-06 15:20:10,7,10,14702,28566
2023-09-06 15:20:35,9,10,14702,28566
2023-09-06 15:20:36,9,10,14711,28575
2023-09-06 15:20:51,6,10,14711,28766
2023-09-06 15:20:53,6,9,14711,28766
2023-09-06 15:20:56,5,9,14711,28766
2023-09-06 15:20:58,5,8,14711,28766
2023-09-06 15:21:09,5,9,14711,28766
2023-09-06 15:21:25,5,8,14711,28766
2023-09-06 15:21:27,6,8,14711,28766
2023-09-06 15:21:49,7,8,14711,28766
2023-09-06 15:22:05,7,9,14711,28766
2023-09-06 15:22:33,5,9,14811,28866
2023-09-06 15:22:34,5,7,14811,28866
2023-09-06 15:22:51,6,7,14811,28866
2023-09-06 15:23:06,6,7,14812,28867
2023-09-06 15:23:09,6,8,14945,29000
2023-09-06 15:23:10,6,7,14945,29000
2023-09-06 15:23:11,5,7,14945,29000
2023-09-06 15:24:01,5,8,14945,29000
2023-09-06 15:24:01,5,10,14945,29000
2023-09-06 15:24:08,5,9,14945,29000
2023-09-06 15:24:29,6,9,14945,29000
2023-09-06 15:24:29,6,10,14945,29000
2023-09-06 15:24:37,5,10,14945,29000
2023-09-06 15:24:37,5,9,14945,29000
2023-09-06 15:24:49,5,8,14945,29000
2023-09-06 15:24:55,4,8,14945,29000
2023-09-06 15:25:04,5,8,14945,29000
2023-09-06 15:25:11,5,10,14945,29000
2023-09-06 15:25:11,5,9,14945,29000
2023-09-06 15:25:21,6,9,14945,29000
2023-09-06 15:25:39,5,9,14945,29000
2023-09-06 15:25:44,5,8,14945,29000
2023-09-06 15:25:59,4,8,14945,29000
2023-09-06 15:26:11,4,7,14945,29000
2023-09-06 15:26:24,4,7,14988,29043
2023-09-06 15:26:24,5,7,14988,29043
2023-09-06 15:26:45,4,5,14945,29086
2023-09-06 15:26:52,4,7,14945,29086
2023-09-06 15:27:00,4,6,14945,29086
2023-09-06 15:27:00,3,6,14945,29086
2023-09-06 15:27:11,3,6,14945,29134
2023-09-06 15:27:19,3,5,14945,29134
2023-09-06 15:27:29,3,4,14945,29134
2023-09-06 15:28:25,1,3,14989,29178
2023-09-06 15:28:48,2,3,14989,29178
2023-09-06 15:29:51,1,3,14990,29179
2023-09-06 15:29:53,1,4,14990,29179
2023-09-06 15:29:55,1,3,14990,29179
2023-09-06 15:30:28,1,4,14990,29179
2023-09-06 15:32:16,1,5,14990,29179
2023-09-06 15:32:16,1,4,14990,29179
2023-09-06 15:32:32,1,3,14990,29179
2023-09-06 15:33:31,1,4,14990,29179
2023-09-06 15:33:36,1,3,14990,29179
2023-09-06 15:33:44,1,4,14990,29179
2023-09-06 15:33:48,1,3,14990,29179
2023-09-06 15:33:53,1,4,14990,29179
2023-09-06 15:34:28,1,5,14990,29179
2023-09-06 15:34:30,1,4,14990,29179
2023-09-06 15:35:20,1,3,14990,29179
2023-09-06 15:35:22,1,4,14990,29179
2023-09-06 15:35:24,2,4,14990,29179
2023-09-06 15:35:24,2,5,14990,29179
2023-09-06 15:35:24,2,4,14990,29179
2023-09-06 15:35:25,2,5,14990,29179
2023-09-06 15:35:40,2,6,14990,29179
2023-09-06 15:35:54,2,5,14990,29179
2023-09-06 15:36:19,3,5,14990,29179
2023-09-06 15:36:19,3,6,14990,29179
2023-09-06 15:36:19,2,6,15065,29254
2023-09-06 15:36:19,2,5,15065,29254
2023-09-06 15:36:24,2,6,15065,29254
2023-09-06 15:36:24,2,4,15065,29254
2023-09-06 15:36:53,2,5,15065,29254
2023-09-06 15:36:53,2,3,15065,29254
2023-09-06 15:36:53,1,3,15065,29254
2023-09-06 15:37:39,1,4,15065,29254
2023-09-06 15:37:39,1,2,15065,29254
2023-09-06 15:37:46,1,4,15065,29254
2023-09-06 15:37:46,1,3,15065,29254
2023-09-06 15:39:18,1,4,15065,29254
2023-09-06 15:39:18,1,2,15065,29254
2023-09-06 15:39:40,1,4,15065,29254
2023-09-06 15:39:40,1,5,15065,29254
2023-09-06 15:39:40,1,4,15065,29254
2023-09-06 15:39:40,1,3,15065,29254
2023-09-06 15:40:37,1,5,15065,29254
2023-09-06 15:40:37,1,6,15065,29254
2023-09-06 15:40:37,1,4,15065,29254
2023-09-06 15:40:56,1,6,15065,29254
2023-09-06 15:40:56,1,5,15065,29254
2023-09-06 15:40:56,1,3,15065,29254
2023-09-06 15:41:14,1,5,15065,29254
2023-09-06 15:41:14,1,6,15065,29254
2023-09-06 15:41:14,1,4,15065,29254
2023-09-06 15:41:21,2,4,15065,29254
2023-09-06 15:41:25,1,4,15065,29254
2023-09-06 15:41:38,1,6,15065,29254
2023-09-06 15:41:38,1,5,15065,29254
2023-09-06 15:41:38,1,3,15065,29254
2023-09-06 15:41:48,1,5,15065,29254
2023-09-06 15:41:48,1,2,15065,29254
2023-09-06 15:43:31,1,4,15065,29254
2023-09-06 15:43:31,1,5,15065,29254
2023-09-06 15:43:31,1,3,15065,29254
2023-09-06 15:43:45,1,5,15065,29254
2023-09-06 15:43:45,1,2,15065,29254
2023-09-06 15:43:55,1,4,15065,29254
2023-09-06 15:43:55,1,5,15065,29254
2023-09-06 15:43:55,1,3,15065,29254
2023-09-06 15:44:38,1,4,15065,29254
2023-09-06 15:44:38,1,2,15065,29254
2023-09-06 15:45:00,1,4,15065,29254
2023-09-06 15:45:00,1,5,15065,29254
2023-09-06 15:45:00,1,3,15065,29254
2023-09-06 15:46:11,1,4,15065,29254
2023-09-06 15:46:11,1,2,15065,29254
2023-09-06 15:46:41,0,2,15065,30254
2023-09-06 15:47:55,0,3,15065,34296
2023-09-06 15:49:17,0,4,15065,34296
2023-09-06 15:49:35,0,3,15065,34296
2023-09-06 15:49:43,0,4,15065,34296
2023-09-06 15:49:44,0,3,15065,34296
2023-09-06 15:50:00,0,4,15065,34296
2023-09-06 15:50:02,0,5,15065,34296
2023-09-06 15:50:07,0,4,15065,34296
2023-09-06 15:50:09,0,5,15065,34296
2023-09-06 15:50:11,0,6,15065,34296
2023-09-06 15:50:12,1,6,15065,34296
2023-09-06 15:50:13,1,5,15065,34296
2023-09-06 15:50:15,0,5,15065,34296
2023-09-06 15:50:28,0,4,15065,34296
2023-09-06 15:50:32,0,5,15065,34296
2023-09-06 15:50:39,0,4,15065,34296
2023-09-06 15:50:43,0,5,15065,34296
2023-09-06 15:51:01,0,6,15065,34296
2023-09-06 15:51:08,1,6,15065,34296
2023-09-06 15:51:09,2,6,15065,34296
2023-09-06 15:51:40,1,6,15065,34296
2023-09-06 15:51:40,1,7,15065,34296
2023-09-06 15:51:40,3,7,15065,34296
2023-09-06 15:51:48,3,6,15065,34296
2023-09-06 15:51:49,2,6,15065,34296
2023-09-06 15:51:50,2,5,15065,34296
2023-09-06 15:51:51,0,5,15065,34296
2023-09-06 15:51:54,1,4,15065,34296
2023-09-06 15:51:56,0,4,15065,34296
2023-09-06 15:51:57,0,3,15065,34296
2023-09-06 15:52:00,0,2,15065,34296
2023-09-06 15:52:10,0,3,15065,34296
2023-09-06 15:52:30,0,4,15065,34296
2023-09-06 15:52:37,0,5,15065,34296
2023-09-06 15:52:43,0,4,15065,34296
2023-09-06 15:52:51,0,3,15065,34296
2023-09-06 15:52:58,0,4,15065,34296
2023-09-06 15:53:00,0,3,15065,34296
2023-09-06 15:53:10,0,2,15065,34296
2023-09-06 15:54:18,0,3,15065,34296
2023-09-06 15:54:21,0,2,15065,34296
2023-09-06 15:54:41,0,3,15065,34296
2023-09-06 15:55:11,0,4,15065,34296
2023-09-06 15:55:14,0,3,15065,34296
2023-09-06 15:55:27,0,4,15065,34296
2023-09-06 15:55:57,0,5,15065,34296
2023-09-06 15:56:21,0,4,15065,34296
2023-09-06 15:56:25,0,5,15065,34296
2023-09-06 15:56:27,0,4,15065,34296
2023-09-06 15:56:29,0,5,15065,34296
2023-09-06 15:56:55,0,4,15065,34296
2023-09-06 15:56:57,0,5,15065,34296
2023-09-06 15:57:00,0,4,15065,34296
2023-09-06 15:57:05,0,5,15065,34296
2023-09-06 15:57:35,0,4,15065,34296
2023-09-06 15:59:05,0,9,15065,34296
2023-09-06 15:59:10,0,10,15065,34296
2023-09-06 15:59:16,0,9,15065,34296
2023-09-06 15:59:26,1,9,15065,34296
2023-09-06 15:59:27,1,2,15065,34296
2023-09-06 15:59:39,0,2,15065,34296
