datetime,bid,ask,open_interest,volume
2023-01-12 09:32:57,18,97,1171,1242
2023-01-12 09:34:03,18,34,1171,1242
2023-01-12 09:37:47,19,34,1171,1242
2023-01-12 09:39:03,19,88,1171,1242
2023-01-12 09:39:03,19,36,1171,1242
2023-01-12 09:41:24,20,36,1171,1242
2023-01-12 09:41:25,22,36,1171,1242
2023-01-12 09:41:25,22,33,1171,1242
2023-01-12 09:41:25,22,31,1171,1242
2023-01-12 09:41:25,22,29,1171,1242
2023-01-12 09:41:26,24,29,1171,1242
2023-01-12 09:42:53,25,29,1171,1242
2023-01-12 09:42:54,25,30,1171,1242
2023-01-12 09:43:54,23,30,1171,1242
2023-01-12 09:43:55,24,30,1171,1242
2023-01-12 09:43:55,24,29,1171,1242
2023-01-12 09:45:31,22,29,1171,1242
2023-01-12 09:45:33,22,27,1171,1242
2023-01-12 09:46:53,23,27,1171,1242
2023-01-12 09:46:53,23,32,1171,1242
2023-01-12 09:46:53,23,28,1171,1242
2023-01-12 09:49:53,23,34,1171,1242
2023-01-12 09:49:54,23,30,1171,1242
2023-01-12 09:49:54,23,28,1171,1242
2023-01-12 09:50:33,23,26,1171,1242
2023-01-12 09:50:33,21,26,1171,1242
2023-01-12 09:51:52,21,28,1171,1242
2023-01-12 09:51:53,21,27,1171,1242
2023-01-12 09:51:53,20,27,1171,1242
2023-01-12 09:51:53,22,27,1171,1242
2023-01-12 09:53:23,22,28,1171,1242
2023-01-12 09:53:23,18,28,1171,1242
2023-01-12 09:53:24,21,28,1171,1242
2023-01-12 09:53:24,21,26,1171,1242
2023-01-12 09:54:20,21,26,1173,1247
2023-01-12 09:54:53,19,26,1173,1247
2023-01-12 09:54:53,19,28,1173,1247
2023-01-12 09:54:53,19,27,1173,1247
2023-01-12 09:54:53,20,27,1173,1247
2023-01-12 09:54:54,20,25,1173,1247
2023-01-12 09:55:32,18,25,1173,1247
2023-01-12 09:55:32,19,25,1173,1247
2023-01-12 09:55:32,19,29,1173,1247
2023-01-12 09:55:33,19,26,1173,1247
2023-01-12 09:55:34,21,26,1173,1247
2023-01-12 09:56:00,21,25,1173,1247
2023-01-12 09:56:25,21,26,1173,1247
2023-01-12 09:56:53,19,26,1173,1247
2023-01-12 09:56:53,18,26,1173,1247
2023-01-12 09:56:53,20,26,1173,1247
2023-01-12 09:56:53,22,26,1173,1247
2023-01-12 09:57:05,22,26,1183,1267
2023-01-12 09:57:52,22,28,1323,1407
2023-01-12 09:58:25,21,28,1323,1407
2023-01-12 09:58:27,23,28,1323,1407
2023-01-12 09:59:25,23,30,1323,1407
2023-01-12 09:59:25,23,29,1323,1407
2023-01-12 09:59:25,19,29,1323,1407
2023-01-12 09:59:25,20,29,1323,1407
2023-01-12 09:59:26,22,29,1323,1407
2023-01-12 09:59:26,24,29,1323,1407
2023-01-12 10:00:50,24,31,1514,1598
2023-01-12 10:01:12,25,31,1514,1598
2023-01-12 10:01:13,25,30,1514,1598
2023-01-12 10:01:41,22,30,1514,1598
2023-01-12 10:01:42,22,31,1514,1598
2023-01-12 10:01:42,26,31,1514,1598
2023-01-12 10:01:57,27,31,1514,1598
2023-01-12 10:02:11,27,32,1514,1598
2023-01-12 10:09:22,27,34,1514,1598
2023-01-12 10:09:22,25,34,1514,1598
2023-01-12 10:09:23,25,37,1514,1598
2023-01-12 10:09:23,23,37,1514,1598
2023-01-12 10:09:23,24,37,1514,1598
2023-01-12 10:09:23,24,35,1514,1598
2023-01-12 10:09:23,24,33,1514,1598
2023-01-12 10:09:23,24,31,1514,1598
2023-01-12 10:09:24,26,31,1514,1598
2023-01-12 10:09:53,27,31,1514,1598
2023-01-12 10:09:53,27,32,1514,1598
2023-01-12 10:11:31,27,33,1514,1598
2023-01-12 10:11:52,27,33,1517,1603
2023-01-12 10:12:25,27,31,1517,1603
2023-01-12 10:12:26,24,31,1517,1603
2023-01-12 10:12:26,26,31,1517,1603
2023-01-12 10:12:33,26,30,1517,1603
2023-01-12 10:13:06,26,30,1519,1608
2023-01-12 10:13:10,24,30,1519,1677
2023-01-12 10:13:23,24,29,1519,1677
2023-01-12 10:15:00,25,29,1519,1677
2023-01-12 10:15:34,25,30,1519,1677
2023-01-12 10:16:02,25,29,1519,1677
2023-01-12 10:16:21,24,29,1519,1677
2023-01-12 10:16:28,24,30,1519,1677
2023-01-12 10:16:29,21,30,1519,1677
2023-01-12 10:16:29,21,28,1519,1677
2023-01-12 10:16:29,23,28,1519,1677
2023-01-12 10:18:24,21,28,1519,1677
2023-01-12 10:18:25,23,28,1519,1677
2023-01-12 10:19:24,19,28,1519,1677
2023-01-12 10:19:24,18,28,1519,1677
2023-01-12 10:19:24,18,30,1519,1677
2023-01-12 10:19:24,20,30,1519,1677
2023-01-12 10:19:24,22,30,1519,1677
2023-01-12 10:19:25,24,30,1519,1677
2023-01-12 10:19:25,24,29,1519,1677
2023-01-12 10:19:53,22,29,1519,1677
2023-01-12 10:19:54,22,27,1519,1677
2023-01-12 10:20:35,22,29,1519,1677
2023-01-12 10:20:35,22,30,1519,1677
2023-01-12 10:20:37,21,30,1519,1677
2023-01-12 10:20:38,21,28,1519,1677
2023-01-12 10:20:38,23,28,1519,1677
2023-01-12 10:21:05,23,30,1519,1677
2023-01-12 10:21:05,18,30,1519,1677
2023-01-12 10:21:05,18,27,1519,1677
2023-01-12 10:21:06,20,27,1519,1677
2023-01-12 10:21:06,22,27,1519,1677
2023-01-12 10:22:33,20,27,1519,1677
2023-01-12 10:22:34,19,27,1519,1677
2023-01-12 10:22:34,19,28,1519,1677
2023-01-12 10:22:35,21,28,1519,1677
2023-01-12 10:22:35,23,28,1519,1677
2023-01-12 10:23:28,23,30,1519,1677
2023-01-12 10:23:30,22,30,1519,1677
2023-01-12 10:23:30,22,29,1519,1677
2023-01-12 10:23:30,24,29,1519,1677
2023-01-12 10:24:55,18,29,1519,1677
2023-01-12 10:24:55,23,29,1519,1677
2023-01-12 10:24:56,25,29,1519,1677
2023-01-12 10:24:56,25,30,1519,1677
2023-01-12 10:25:31,21,30,1519,1677
2023-01-12 10:25:31,18,30,1519,1677
2023-01-12 10:25:32,24,30,1519,1677
2023-01-12 10:25:32,24,29,1519,1677
2023-01-12 10:26:29,24,30,1519,1677
2023-01-12 10:26:29,24,28,1519,1677
2023-01-12 10:26:30,21,28,1519,1677
2023-01-12 10:26:30,23,28,1519,1677
2023-01-12 10:27:26,23,29,1519,1677
2023-01-12 10:27:26,20,29,1519,1677
2023-01-12 10:27:26,22,29,1519,1677
2023-01-12 10:27:26,24,29,1519,1677
2023-01-12 10:28:24,24,30,1519,1677
2023-01-12 10:28:26,23,30,1519,1677
2023-01-12 10:28:26,25,30,1519,1677
2023-01-12 10:28:55,26,30,1519,1677
2023-01-12 10:29:55,24,30,1519,1677
2023-01-12 10:29:56,23,30,1519,1677
2023-01-12 10:29:57,25,30,1519,1677
2023-01-12 10:31:02,26,30,1519,1677
2023-01-12 10:31:30,27,30,1519,1677
2023-01-12 10:32:54,25,30,1519,1677
2023-01-12 10:32:55,20,30,1519,1677
2023-01-12 10:32:55,22,30,1519,1677
2023-01-12 10:32:55,24,30,1519,1677
2023-01-12 10:32:56,26,30,1519,1677
2023-01-12 10:35:33,27,30,1519,1677
2023-01-12 10:36:06,25,30,1519,1677
2023-01-12 10:36:22,25,30,1524,1687
2023-01-12 10:38:01,25,29,1524,1687
2023-01-12 10:38:03,23,29,1524,1687
2023-01-12 10:38:04,24,29,1524,1687
2023-01-12 10:39:53,24,30,1524,1687
2023-01-12 10:39:54,24,29,1524,1687
2023-01-12 10:40:36,24,30,1524,1687
2023-01-12 10:40:36,23,30,1524,1687
2023-01-12 10:40:37,23,28,1524,1687
2023-01-12 10:41:05,23,30,1524,1687
2023-01-12 10:41:06,25,30,1524,1687
2023-01-12 10:42:27,23,30,1524,1687
2023-01-12 10:42:28,25,30,1524,1687
2023-01-12 10:42:53,23,30,1524,1687
2023-01-12 10:42:54,20,30,1524,1687
2023-01-12 10:42:54,22,30,1524,1687
2023-01-12 10:42:54,24,30,1524,1687
2023-01-12 10:42:54,26,30,1524,1687
2023-01-12 10:44:31,27,30,1524,1687
2023-01-12 10:44:47,27,32,1534,1697
2023-01-12 10:45:04,25,32,1534,1697
2023-01-12 10:45:05,28,32,1534,1697
2023-01-12 10:45:05,28,40,1534,1697
2023-01-12 10:45:06,28,39,1534,1697
2023-01-12 10:45:07,28,37,1534,1697
2023-01-12 10:45:07,28,35,1534,1697
2023-01-12 10:45:07,28,33,1534,1697
2023-01-12 10:47:32,26,33,1534,1697
2023-01-12 10:47:32,20,33,1534,1697
2023-01-12 10:47:32,27,33,1534,1697
2023-01-12 10:48:00,25,33,1534,1697
2023-01-12 10:48:00,23,33,1534,1697
2023-01-12 10:48:00,20,33,1534,1697
2023-01-12 10:48:00,28,33,1534,1697
2023-01-12 10:49:52,24,33,1534,1697
2023-01-12 10:49:52,26,33,1534,1697
2023-01-12 10:49:53,28,33,1534,1697
2023-01-12 10:52:29,28,32,1534,1697
2023-01-12 10:52:30,20,32,1534,1697
2023-01-12 10:52:31,25,32,1534,1697
2023-01-12 10:52:31,27,32,1534,1697
2023-01-12 10:53:23,25,32,1534,1697
2023-01-12 10:53:23,26,32,1534,1697
2023-01-12 10:53:23,26,34,1534,1697
2023-01-12 10:53:23,26,31,1534,1697
2023-01-12 10:53:53,28,31,1534,1697
2023-01-12 10:53:54,28,33,1534,1697
2023-01-12 10:54:27,27,33,1534,1697
2023-01-12 10:54:55,27,34,1534,1697
2023-01-12 10:54:55,27,32,1534,1697
2023-01-12 10:55:32,27,34,1534,1697
2023-01-12 10:55:32,27,33,1534,1697
2023-01-12 10:56:01,25,33,1534,1697
2023-01-12 10:56:02,26,33,1534,1697
2023-01-12 10:56:03,28,33,1534,1697
2023-01-12 10:57:25,27,33,1534,1697
2023-01-12 10:57:26,27,32,1534,1697
2023-01-12 10:58:24,28,32,1534,1697
2023-01-12 10:58:24,28,33,1534,1697
2023-01-12 10:59:24,27,33,1534,1697
2023-01-12 10:59:50,27,33,1634,1797
2023-01-12 10:59:53,28,33,1634,1797
2023-01-12 11:00:36,28,32,1634,1797
2023-01-12 11:00:38,27,32,1634,1797
2023-01-12 11:01:15,27,36,1634,1797
2023-01-12 11:01:15,27,38,1634,1797
2023-01-12 11:01:17,30,38,1634,1797
2023-01-12 11:01:17,30,37,1634,1797
2023-01-12 11:01:18,30,35,1634,1797
2023-01-12 11:02:40,28,35,1634,1797
2023-01-12 11:02:41,29,35,1634,1797
2023-01-12 11:02:41,29,36,1634,1797
2023-01-12 11:02:42,29,34,1634,1797
2023-01-12 11:04:02,29,36,1634,1797
2023-01-12 11:04:02,29,34,1634,1797
2023-01-12 11:04:31,29,36,1634,1797
2023-01-12 11:04:31,29,35,1634,1797
2023-01-12 11:05:33,29,40,1634,1797
2023-01-12 11:05:33,29,38,1634,1797
2023-01-12 11:05:33,29,36,1634,1797
2023-01-12 11:05:33,29,34,1634,1797
2023-01-12 11:06:01,29,36,1634,1797
2023-01-12 11:06:01,29,38,1634,1797
2023-01-12 11:06:01,29,37,1634,1797
2023-01-12 11:06:02,29,35,1634,1797
2023-01-12 11:07:26,29,38,1634,1797
2023-01-12 11:07:26,29,34,1634,1797
2023-01-12 11:08:55,29,35,1634,1797
2023-01-12 11:09:24,29,34,1634,1797
2023-01-12 11:09:55,29,37,1634,1797
2023-01-12 11:09:56,29,35,1634,1797
2023-01-12 11:09:57,30,35,1634,1797
2023-01-12 11:11:03,30,34,1634,1797
2023-01-12 11:12:24,30,40,1634,1797
2023-01-12 11:12:25,30,39,1634,1797
2023-01-12 11:12:25,30,37,1634,1797
2023-01-12 11:12:26,30,35,1634,1797
2023-01-12 11:13:33,34,35,1634,1797
2023-01-12 11:14:24,34,37,1634,1797
2023-01-12 11:14:24,34,40,1634,1797
2023-01-12 11:14:25,34,36,1634,1797
2023-01-12 11:14:26,34,36,1783,1946
2023-01-12 11:14:31,30,36,1783,1946
2023-01-12 11:14:41,30,36,1786,1949
2023-01-12 11:14:55,30,34,1786,1949
2023-01-12 11:17:01,30,33,1786,1949
2023-01-12 11:17:30,30,35,1786,1949
2023-01-12 11:17:31,30,40,1786,1949
2023-01-12 11:17:31,30,38,1786,1949
2023-01-12 11:17:31,30,36,1786,1949
2023-01-12 11:17:31,30,34,1786,1949
2023-01-12 11:18:03,32,34,1786,1949
2023-01-12 11:18:53,32,36,1786,1949
2023-01-12 11:18:54,32,35,1786,1949
2023-01-12 11:19:25,30,35,1786,1949
2023-01-12 11:19:25,30,39,1786,1949
2023-01-12 11:19:25,30,40,1786,1949
2023-01-12 11:19:25,30,34,1786,1949
2023-01-12 11:19:54,30,36,1786,1949
2023-01-12 11:19:54,30,38,1786,1949
2023-01-12 11:19:54,30,40,1786,1949
2023-01-12 11:19:54,30,35,1786,1949
2023-01-12 11:21:33,30,37,1786,1949
2023-01-12 11:21:34,30,40,1786,1949
2023-01-12 11:21:34,30,34,1786,1949
2023-01-12 11:22:36,29,34,1786,1949
2023-01-12 11:23:53,27,34,1786,1949
2023-01-12 11:23:53,26,34,1786,1949
2023-01-12 11:23:54,28,34,1786,1949
2023-01-12 11:23:54,28,35,1786,1949
2023-01-12 11:23:54,28,33,1786,1949
2023-01-12 11:24:05,31,33,1786,1949
2023-01-12 11:24:54,31,37,1786,1949
2023-01-12 11:24:54,31,40,1786,1949
2023-01-12 11:24:54,31,34,1786,1949
2023-01-12 11:25:12,31,34,1929,2092
2023-01-12 11:25:32,31,36,1929,2092
2023-01-12 11:25:32,31,38,1929,2092
2023-01-12 11:25:32,31,40,1929,2092
2023-01-12 11:25:32,31,45,1929,2092
2023-01-12 11:25:32,31,35,1929,2092
2023-01-12 11:27:24,31,36,1929,2092
2023-01-12 11:28:05,31,36,1939,2102
2023-01-12 11:28:25,31,40,1939,2102
2023-01-12 11:28:25,31,35,1939,2102
2023-01-12 11:29:27,31,34,1939,2102
2023-01-12 11:29:54,31,36,2100,2263
2023-01-12 11:29:55,31,34,2100,2263
2023-01-12 11:30:05,31,36,2138,2301
2023-01-12 11:30:36,31,35,2138,2301
2023-01-12 11:31:04,33,35,2138,2301
2023-01-12 11:31:06,33,36,2138,2301
2023-01-12 11:32:53,33,38,2138,2301
2023-01-12 11:32:53,33,40,2138,2301
2023-01-12 11:32:53,33,37,2138,2301
2023-01-12 11:35:25,32,37,2138,2301
2023-01-12 11:36:31,32,39,2138,2301
2023-01-12 11:36:32,32,37,2138,2301
2023-01-12 11:37:13,35,37,2138,2301
2023-01-12 11:37:52,35,39,2138,2301
2023-01-12 11:37:52,35,41,2138,2301
2023-01-12 11:37:53,35,40,2138,2301
2023-01-12 11:37:53,35,38,2138,2301
2023-01-12 11:37:53,35,36,2138,2301
2023-01-12 11:39:25,35,36,2379,2542
2023-01-12 11:39:25,35,37,2379,2542
2023-01-12 11:39:53,35,37,2587,2750
2023-01-12 11:41:31,35,39,2587,2750
2023-01-12 11:41:32,35,37,2587,2750
2023-01-12 11:41:39,32,37,2587,2750
2023-01-12 11:42:24,32,39,2587,2750
2023-01-12 11:42:24,31,39,2587,2750
2023-01-12 11:42:24,32,39,2587,2750
2023-01-12 11:42:25,32,38,2587,2750
2023-01-12 11:42:53,31,38,2587,2750
2023-01-12 11:42:53,33,38,2587,2750
2023-01-12 11:43:25,33,40,2587,2750
2023-01-12 11:43:25,33,39,2587,2750
2023-01-12 11:43:26,32,39,2587,2750
2023-01-12 11:43:27,32,37,2587,2750
2023-01-12 11:43:54,23,37,2587,2750
2023-01-12 11:43:54,23,41,2587,2750
2023-01-12 11:43:54,31,41,2587,2750
2023-01-12 11:43:55,31,40,2587,2750
2023-01-12 11:43:55,31,38,2587,2750
2023-01-12 11:43:55,31,36,2587,2750
2023-01-12 11:44:54,30,36,2587,2750
2023-01-12 11:44:55,30,37,2587,2750
2023-01-12 11:44:56,30,35,2587,2750
2023-01-12 11:45:31,19,35,2587,2750
2023-01-12 11:45:31,25,35,2587,2750
2023-01-12 11:45:32,27,35,2587,2750
2023-01-12 11:45:32,27,36,2587,2750
2023-01-12 11:45:32,27,34,2587,2750
2023-01-12 11:45:32,29,34,2587,2750
2023-01-12 11:46:54,29,36,2587,2750
2023-01-12 11:46:54,29,38,2587,2750
2023-01-12 11:46:54,29,37,2587,2750
2023-01-12 11:46:55,29,35,2587,2750
2023-01-12 11:47:08,29,35,2592,2760
2023-01-12 11:47:24,29,34,2592,2760
2023-01-12 11:47:53,29,35,2592,2760
2023-01-12 11:48:24,29,38,2592,2760
2023-01-12 11:48:24,29,34,2592,2760
2023-01-12 11:48:47,29,36,2814,2982
2023-01-12 11:48:53,29,38,2814,2982
2023-01-12 11:48:53,29,37,2814,2982
2023-01-12 11:48:54,29,35,2814,2982
2023-01-12 11:49:00,33,35,2814,2982
2023-01-12 11:49:53,33,37,2814,2982
2023-01-12 11:49:53,33,38,2814,2982
2023-01-12 11:49:53,33,36,2814,2982
2023-01-12 11:50:33,33,38,2814,2982
2023-01-12 11:51:00,33,39,2814,2982
2023-01-12 11:51:01,33,37,2814,2982
2023-01-12 11:51:27,33,39,2814,2982
2023-01-12 11:51:28,33,40,2814,2982
2023-01-12 11:51:28,33,38,2814,2982
2023-01-12 11:51:54,33,37,2814,2982
2023-01-12 11:53:23,33,39,2814,2982
2023-01-12 11:53:24,33,38,2814,2982
2023-01-12 11:53:52,33,40,2814,2982
2023-01-12 11:53:52,33,41,2814,2982
2023-01-12 11:53:52,33,39,2814,2982
2023-01-12 11:53:53,33,37,2814,2982
2023-01-12 11:55:34,33,38,2814,2982
2023-01-12 11:56:25,33,36,2814,2982
2023-01-12 11:57:23,33,41,2814,2982
2023-01-12 11:57:23,33,39,2814,2982
2023-01-12 11:57:23,33,37,2814,2982
2023-01-12 11:57:24,33,35,2814,2982
2023-01-12 11:58:21,33,35,2834,3002
2023-01-12 11:58:24,33,37,2834,3002
2023-01-12 11:58:26,33,35,2834,3002
2023-01-12 11:58:31,29,35,2834,3002
2023-01-12 11:58:43,30,35,2834,3002
2023-01-12 11:58:53,30,34,2834,3002
2023-01-12 11:59:53,30,32,2834,3002
2023-01-12 11:59:55,27,32,2834,3002
2023-01-12 12:01:25,25,32,2834,3002
2023-01-12 12:01:25,27,32,2834,3002
2023-01-12 12:02:23,27,34,2834,3002
2023-01-12 12:02:24,27,33,2834,3002
2023-01-12 12:02:24,26,33,2834,3002
2023-01-12 12:02:25,28,33,2834,3002
2023-01-12 12:02:53,28,32,2834,3002
2023-01-12 12:02:54,27,32,2834,3002
2023-01-12 12:03:23,27,34,2834,3002
2023-01-12 12:03:23,28,34,2834,3002
2023-01-12 12:03:24,28,33,2834,3002
2023-01-12 12:06:24,28,35,2834,3002
2023-01-12 12:06:24,26,35,2834,3002
2023-01-12 12:06:24,27,35,2834,3002
2023-01-12 12:06:24,29,35,2834,3002
2023-01-12 12:06:53,29,34,2834,3002
2023-01-12 12:07:53,29,33,2834,3002
2023-01-12 12:07:54,27,33,2834,3002
2023-01-12 12:08:24,27,31,2834,3002
2023-01-12 12:08:25,26,31,2834,3002
2023-01-12 12:08:52,24,31,2834,3002
2023-01-12 12:08:53,24,35,2834,3002
2023-01-12 12:08:53,24,34,2834,3002
2023-01-12 12:08:53,25,34,2834,3002
2023-01-12 12:08:53,25,30,2834,3002
2023-01-12 12:09:24,25,32,2834,3002
2023-01-12 12:09:25,25,31,2834,3002
2023-01-12 12:09:25,25,29,2834,3002
2023-01-12 12:09:25,22,29,2834,3002
2023-01-12 12:09:25,24,29,2834,3002
2023-01-12 12:09:53,22,29,2834,3002
2023-01-12 12:09:53,22,28,2834,3002
2023-01-12 12:09:53,23,28,2834,3002
2023-01-12 12:10:33,21,28,2834,3002
2023-01-12 12:10:33,21,30,2834,3002
2023-01-12 12:10:33,18,30,2834,3002
2023-01-12 12:10:34,20,30,2834,3002
2023-01-12 12:10:34,20,31,2834,3002
2023-01-12 12:10:34,22,31,2834,3002
2023-01-12 12:10:35,22,29,2834,3002
2023-01-12 12:10:35,24,29,2834,3002
2023-01-12 12:11:02,22,29,2834,3002
2023-01-12 12:11:02,23,29,2834,3002
2023-01-12 12:11:04,23,30,2834,3002
2023-01-12 12:11:06,25,30,2834,3002
2023-01-12 12:11:30,25,28,2834,3002
2023-01-12 12:11:30,23,28,2834,3002
2023-01-12 12:12:53,23,31,2834,3002
2023-01-12 12:12:53,23,29,2834,3002
2023-01-12 12:12:53,23,27,2834,3002
2023-01-12 12:12:54,22,27,2834,3002
2023-01-12 12:14:25,22,29,2834,3002
2023-01-12 12:14:26,22,30,2834,3002
2023-01-12 12:14:27,21,30,2834,3002
2023-01-12 12:14:27,21,28,2834,3002
2023-01-12 12:14:27,23,28,2834,3002
2023-01-12 12:14:53,21,28,2834,3002
2023-01-12 12:14:54,21,29,2834,3002
2023-01-12 12:14:54,22,29,2834,3002
2023-01-12 12:14:54,22,27,2834,3002
2023-01-12 12:15:32,23,27,2834,3002
2023-01-12 12:15:32,23,30,2834,3002
2023-01-12 12:15:32,23,28,2834,3002
2023-01-12 12:16:23,23,30,2834,3002
2023-01-12 12:16:24,23,27,2834,3002
2023-01-12 12:16:24,22,27,2834,3002
2023-01-12 12:17:23,22,26,2834,3002
2023-01-12 12:17:52,20,26,2834,3002
2023-01-12 12:17:54,20,25,2834,3002
2023-01-12 12:17:55,23,25,2834,3002
2023-01-12 12:18:00,20,25,2834,3002
2023-01-12 12:18:53,20,24,2834,3002
2023-01-12 12:19:53,19,24,2834,3002
2023-01-12 12:19:53,19,25,2834,3002
2023-01-12 12:19:53,20,25,2834,3002
2023-01-12 12:21:01,20,27,2834,3002
2023-01-12 12:21:02,20,24,2834,3002
2023-01-12 12:21:33,20,25,2834,3002
2023-01-12 12:22:01,21,25,2834,3002
2023-01-12 12:22:27,21,26,2834,3002
2023-01-12 12:22:28,21,27,2834,3002
2023-01-12 12:22:28,22,27,2834,3002
2023-01-12 12:22:53,20,27,2834,3002
2023-01-12 12:22:53,18,27,2834,3002
2023-01-12 12:22:53,18,26,2834,3002
2023-01-12 12:22:53,21,26,2834,3002
2023-01-12 12:23:22,21,25,2834,3002
2023-01-12 12:23:23,20,25,2834,3002
2023-01-12 12:24:26,20,24,2834,3002
2023-01-12 12:25:29,18,24,2834,3002
2023-01-12 12:25:31,19,24,2834,3002
2023-01-12 12:26:52,19,23,2834,3002
2023-01-12 12:27:23,19,24,2834,3002
2023-01-12 12:27:52,19,23,2834,3002
2023-01-12 12:27:54,18,23,2834,3002
2023-01-12 12:28:24,18,25,2834,3002
2023-01-12 12:28:24,18,24,2834,3002
2023-01-12 12:28:24,18,22,2834,3002
2023-01-12 12:28:54,18,24,2834,3002
2023-01-12 12:28:54,18,26,2834,3002
2023-01-12 12:28:55,18,29,2834,3002
2023-01-12 12:28:55,18,21,2834,3002
2023-01-12 12:29:25,18,23,2834,3002
2023-01-12 12:29:25,18,22,2834,3002
2023-01-12 12:29:26,18,20,2834,3002
2023-01-12 12:30:20,18,20,2839,3012
2023-01-12 12:31:04,18,19,2839,3012
2023-01-12 12:31:31,18,21,2839,3012
2023-01-12 12:31:31,18,20,2839,3012
2023-01-12 12:32:24,18,21,2839,3012
2023-01-12 12:32:53,18,23,2839,3012
2023-01-12 12:32:53,18,26,2839,3012
2023-01-12 12:32:53,18,22,2839,3012
2023-01-12 12:33:24,18,21,2839,3012
2023-01-12 12:34:23,18,23,2839,3012
2023-01-12 12:34:23,18,25,2839,3012
2023-01-12 12:34:23,18,27,2839,3012
2023-01-12 12:34:24,18,24,2839,3012
2023-01-12 12:34:24,18,22,2839,3012
2023-01-12 12:34:24,18,20,2839,3012
2023-01-12 12:34:55,18,21,2839,3012
2023-01-12 12:34:55,18,19,2839,3012
2023-01-12 12:35:17,18,21,3043,3216
2023-01-12 12:35:32,18,27,3043,3216
2023-01-12 12:35:32,18,20,3043,3216
2023-01-12 12:36:06,16,18,3047,3224
2023-01-12 12:41:10,16,21,3049,3226
2023-01-12 12:42:02,18,21,3049,3226
2023-01-12 12:42:05,18,22,3049,3226
2023-01-12 12:42:29,16,22,3049,3226
2023-01-12 12:42:29,16,25,3049,3226
2023-01-12 12:42:30,17,25,3049,3226
2023-01-12 12:42:30,17,23,3049,3226
2023-01-12 12:42:30,17,21,3049,3226
2023-01-12 12:43:23,17,23,3049,3226
2023-01-12 12:43:24,17,26,3049,3226
2023-01-12 12:43:24,17,24,3049,3226
2023-01-12 12:43:24,17,22,3049,3226
2023-01-12 12:43:53,17,26,3049,3226
2023-01-12 12:43:53,17,28,3049,3226
2023-01-12 12:43:53,18,28,3049,3226
2023-01-12 12:43:53,18,27,3049,3226
2023-01-12 12:43:53,18,25,3049,3226
2023-01-12 12:43:53,18,23,3049,3226
2023-01-12 12:45:34,18,22,3049,3226
2023-01-12 12:45:38,17,22,3049,3226
2023-01-12 12:46:04,16,22,3049,3226
2023-01-12 12:46:05,16,20,3049,3226
2023-01-12 12:47:21,16,22,3049,3226
2023-01-12 12:47:21,16,18,3049,3226
2023-01-12 12:49:24,16,22,3049,3226
2023-01-12 12:49:24,16,25,3049,3226
2023-01-12 12:49:25,16,23,3049,3226
2023-01-12 12:49:25,16,21,3049,3226
2023-01-12 12:49:25,16,19,3049,3226
2023-01-12 12:50:37,16,21,3049,3226
2023-01-12 12:50:37,16,23,3049,3226
2023-01-12 12:50:37,16,25,3049,3226
2023-01-12 12:50:38,16,22,3049,3226
2023-01-12 12:50:38,16,20,3049,3226
2023-01-12 12:51:07,16,22,3049,3226
2023-01-12 12:51:07,16,24,3049,3226
2023-01-12 12:51:08,16,25,3049,3226
2023-01-12 12:51:08,16,23,3049,3226
2023-01-12 12:51:08,16,19,3049,3226
2023-01-12 12:51:16,16,19,3167,3344
2023-01-12 12:52:04,16,18,3167,3344
2023-01-12 12:54:26,16,17,3167,3344
2023-01-12 12:55:34,16,19,3167,3344
2023-01-12 12:56:06,16,17,3167,3344
2023-01-12 12:59:11,16,18,3167,3344
2023-01-12 13:00:13,16,19,3167,3344
2023-01-12 13:00:47,16,18,3167,3344
2023-01-12 13:02:19,16,19,3167,3344
2023-01-12 13:02:48,16,17,3167,3344
2023-01-12 13:04:19,13,16,3174,3351
2023-01-12 13:04:50,13,19,3174,3351
2023-01-12 13:04:50,13,17,3174,3351
2023-01-12 13:05:54,14,17,3174,3351
2023-01-12 13:05:55,14,18,3174,3351
2023-01-12 13:06:24,14,20,3174,3351
2023-01-12 13:06:24,14,17,3174,3351
2023-01-12 13:06:24,13,17,3174,3351
2023-01-12 13:07:46,13,21,3174,3351
2023-01-12 13:07:47,14,21,3174,3351
2023-01-12 13:07:47,14,20,3174,3351
2023-01-12 13:07:47,14,18,3174,3351
2023-01-12 13:08:44,13,18,3174,3351
2023-01-12 13:09:12,13,17,3174,3351
2023-01-12 13:10:13,13,21,3174,3351
2023-01-12 13:10:13,13,25,3174,3351
2023-01-12 13:10:13,13,22,3174,3351
2023-01-12 13:10:13,14,22,3174,3351
2023-01-12 13:10:14,14,20,3174,3351
2023-01-12 13:10:14,14,18,3174,3351
2023-01-12 13:11:13,13,18,3174,3351
2023-01-12 13:11:13,13,19,3174,3351
2023-01-12 13:11:13,14,19,3174,3351
2023-01-12 13:12:01,15,19,3174,3351
2023-01-12 13:12:19,15,21,3449,3626
2023-01-12 13:12:29,15,20,3449,3626
2023-01-12 13:12:55,15,20,3454,3636
2023-01-12 13:13:23,14,20,3454,3636
2023-01-12 13:13:23,16,20,3454,3636
2023-01-12 13:13:23,16,21,3454,3636
2023-01-12 13:13:52,14,21,3454,3636
2023-01-12 13:13:52,15,21,3454,3636
2023-01-12 13:13:53,15,19,3454,3636
2023-01-12 13:14:23,15,23,3454,3636
2023-01-12 13:14:23,15,25,3454,3636
2023-01-12 13:14:24,15,18,3454,3636
2023-01-12 13:14:24,14,18,3454,3636
2023-01-12 13:14:53,13,18,3454,3636
2023-01-12 13:16:00,13,25,3454,3636
2023-01-12 13:16:00,13,17,3454,3636
2023-01-12 13:16:54,13,19,3454,3636
2023-01-12 13:16:54,13,25,3454,3636
2023-01-12 13:16:54,13,20,3454,3636
2023-01-12 13:16:54,13,18,3454,3636
2023-01-12 13:16:54,13,16,3454,3636
2023-01-12 13:17:51,13,15,3454,3636
2023-01-12 13:18:24,13,14,3454,3636
2023-01-12 13:18:33,10,14,3704,3886
2023-01-12 13:18:46,11,14,3704,3886
2023-01-12 13:18:53,11,15,3704,3886
2023-01-12 13:19:23,11,19,3704,3886
2023-01-12 13:19:23,12,19,3704,3886
2023-01-12 13:19:23,12,21,3704,3886
2023-01-12 13:19:23,12,20,3704,3886
2023-01-12 13:19:23,12,16,3704,3886
2023-01-12 13:20:41,11,16,3704,3886
2023-01-12 13:21:10,11,20,3704,3886
2023-01-12 13:21:10,11,15,3704,3886
2023-01-12 13:22:23,11,17,3704,3886
2023-01-12 13:22:23,11,16,3704,3886
2023-01-12 13:22:24,12,16,3704,3886
2023-01-12 13:23:23,12,20,3704,3886
2023-01-12 13:23:23,12,21,3704,3886
2023-01-12 13:23:23,12,17,3704,3886
2023-01-12 13:23:52,12,18,3704,3886
2023-01-12 13:23:52,12,16,3704,3886
2023-01-12 13:24:55,12,18,3704,3886
2023-01-12 13:24:56,12,16,3704,3886
2023-01-12 13:25:30,12,23,3704,3886
2023-01-12 13:25:30,12,17,3704,3886
2023-01-12 13:25:31,13,17,3704,3886
2023-01-12 13:25:54,13,17,3804,3986
2023-01-12 13:26:01,13,19,3927,4109
2023-01-12 13:26:17,13,21,4206,4388
2023-01-12 13:26:23,11,21,4206,4388
2023-01-12 13:26:23,11,29,4206,4388
2023-01-12 13:26:23,14,29,4206,4388
2023-01-12 13:26:24,18,29,4206,4388
2023-01-12 13:26:24,18,27,4206,4388
2023-01-12 13:26:24,18,25,4206,4388
2023-01-12 13:26:24,18,23,4206,4388
2023-01-12 13:26:51,21,23,4206,4388
2023-01-12 13:26:51,21,25,4206,4388
2023-01-12 13:27:15,21,27,4331,4638
2023-01-12 13:27:23,20,27,4331,4638
2023-01-12 13:27:23,22,27,4331,4638
2023-01-12 13:27:33,22,27,4431,4738
2023-01-12 13:27:42,27,29,4506,4813
2023-01-12 13:27:48,22,31,4657,4964
2023-01-12 13:27:52,20,31,4657,4964
2023-01-12 13:27:52,26,31,4657,4964
2023-01-12 13:27:53,28,31,4657,4964
2023-01-12 13:27:54,28,33,4657,4964
2023-01-12 13:28:23,26,33,4657,4964
2023-01-12 13:28:23,26,35,4657,4964
2023-01-12 13:28:23,24,35,4657,4964
2023-01-12 13:28:23,8,35,4657,4964
2023-01-12 13:28:24,27,35,4657,4964
2023-01-12 13:28:24,29,35,4657,4964
2023-01-12 13:28:25,31,35,4657,4964
2023-01-12 13:28:44,31,37,4657,4964
2023-01-12 13:28:52,29,37,4657,4964
2023-01-12 13:28:52,32,37,4657,4964
2023-01-12 13:29:08,32,41,4934,5241
2023-01-12 13:29:15,32,40,4934,5241
2023-01-12 13:29:23,29,40,4934,5241
2023-01-12 13:29:23,36,40,4934,5241
2023-01-12 13:29:23,38,40,4934,5241
2023-01-12 13:29:24,38,40,4951,5274
2023-01-12 13:29:29,38,43,4951,5274
2023-01-12 13:29:45,36,43,4951,5290
2023-01-12 13:29:51,34,43,4951,5336
2023-01-12 13:29:52,34,47,4951,5336
2023-01-12 13:29:52,29,47,4951,5336
2023-01-12 13:29:57,29,87,4951,5336
2023-01-12 13:29:58,29,43,4951,5336
2023-01-12 13:30:13,29,42,4951,5336
2023-01-12 13:31:08,34,42,4951,5336
2023-01-12 13:31:17,34,49,5025,5485
2023-01-12 13:31:18,34,48,5025,5485
2023-01-12 13:31:26,34,49,5025,5485
2023-01-12 13:32:51,37,49,5025,5485
2023-01-12 13:32:51,39,49,5025,5485
2023-01-12 13:32:51,39,47,5025,5485
2023-01-12 13:32:52,41,47,5025,5485
2023-01-12 13:33:03,39,47,5025,5592
2023-01-12 13:33:09,37,47,5025,5684
2023-01-12 13:33:22,37,49,5025,5684
2023-01-12 13:33:23,36,49,5025,5684
2023-01-12 13:33:24,36,48,5025,5684
2023-01-12 13:33:24,36,44,5025,5684
2023-01-12 13:33:24,36,42,5025,5684
2023-01-12 13:33:26,36,42,5046,5705
2023-01-12 13:34:10,34,42,5046,5880
2023-01-12 13:34:23,34,39,5046,5880
2023-01-12 13:34:23,34,37,5046,5880
2023-01-12 13:34:23,32,37,5046,5880
2023-01-12 13:34:23,29,37,5046,5880
2023-01-12 13:34:23,29,35,5046,5880
2023-01-12 13:34:52,29,37,5046,5880
2023-01-12 13:34:56,31,37,5046,5880
2023-01-12 13:36:23,27,37,5046,5880
2023-01-12 13:36:23,30,37,5046,5880
2023-01-12 13:36:24,30,40,5046,5880
2023-01-12 13:36:24,30,36,5046,5880
2023-01-12 13:36:36,28,36,5046,6131
2023-01-12 13:36:53,28,41,5046,6131
2023-01-12 13:36:53,28,31,5046,6131
2023-01-12 13:36:54,26,31,5046,6131
2023-01-12 13:37:49,25,31,5046,6131
2023-01-12 13:37:51,25,30,5046,6131
2023-01-12 13:38:21,23,30,5046,6322
2023-01-12 13:38:22,20,30,5046,6322
2023-01-12 13:38:23,20,29,5046,6322
2023-01-12 13:38:23,20,27,5046,6322
2023-01-12 13:38:23,20,25,5046,6322
2023-01-12 13:38:41,20,24,5046,6322
2023-01-12 13:39:16,19,24,5046,6322
2023-01-12 13:41:27,18,24,5046,6322
2023-01-12 13:41:28,18,23,5046,6322
2023-01-12 13:41:53,18,24,5046,6322
2023-01-12 13:41:54,18,22,5046,6322
2023-01-12 13:42:52,18,24,5046,6322
2023-01-12 13:43:55,13,24,5046,6322
2023-01-12 13:44:17,15,24,5046,6322
2023-01-12 13:46:57,13,24,5046,6322
2023-01-12 13:47:51,13,22,5046,6322
2023-01-12 13:47:52,13,20,5046,6322
2023-01-12 13:47:52,13,18,5046,6322
2023-01-12 13:48:23,13,19,5046,6322
2023-01-12 13:48:24,13,17,5046,6322
2023-01-12 13:48:52,13,20,5046,6322
2023-01-12 13:48:52,13,16,5046,6322
2023-01-12 13:49:52,13,18,5046,6322
2023-01-12 13:49:52,13,19,5046,6322
2023-01-12 13:49:53,13,17,5046,6322
2023-01-12 13:51:22,13,16,5046,6322
2023-01-12 13:52:24,13,15,5046,6322
2023-01-12 13:52:52,13,14,5046,6322
2023-01-12 13:53:36,10,14,5121,6472
2023-01-12 13:53:52,10,13,5121,6472
2023-01-12 13:53:52,8,13,5121,6472
2023-01-12 13:53:53,8,12,5121,6472
2023-01-12 13:53:58,8,10,5121,6472
2023-01-12 13:54:23,7,10,5121,6472
2023-01-12 13:54:53,7,9,5121,6472
2023-01-12 13:56:53,7,10,5121,6472
2023-01-12 13:58:23,7,9,5121,6472
2023-01-12 13:58:52,7,10,5121,6472
2023-01-12 13:59:53,7,9,5121,6472
2023-01-12 13:59:54,7,9,5131,6482
2023-01-12 14:01:30,7,10,5131,6482
2023-01-12 14:01:31,7,9,5131,6482
2023-01-12 14:02:52,7,8,5131,6482
2023-01-12 14:03:23,7,9,5131,6482
2023-01-12 14:03:28,7,10,5329,6680
2023-01-12 14:03:57,7,11,5404,6830
2023-01-12 14:04:30,7,12,5611,7037
2023-01-12 14:04:55,10,12,5611,7037
2023-01-12 14:04:55,10,14,5611,7037
2023-01-12 14:05:33,10,13,5611,7037
2023-01-12 14:05:34,10,12,5611,7037
2023-01-12 14:05:36,8,12,5611,7037
2023-01-12 14:06:24,8,11,5611,7037
2023-01-12 14:06:53,8,12,5611,7037
2023-01-12 14:09:00,8,11,5611,7037
2023-01-12 14:09:22,7,11,5611,7037
2023-01-12 14:09:56,7,12,5796,7222
2023-01-12 14:10:35,11,12,5796,7222
2023-01-12 14:10:36,11,13,5796,7222
2023-01-12 14:10:38,11,15,5796,7222
2023-01-12 14:11:04,11,13,5796,7222
2023-01-12 14:11:04,10,13,5796,7222
2023-01-12 14:11:04,9,13,5796,7222
2023-01-12 14:11:31,9,14,5796,7222
2023-01-12 14:11:32,10,14,5796,7222
2023-01-12 14:12:52,10,12,5796,7222
2023-01-12 14:12:53,9,12,5796,7222
2023-01-12 14:13:22,7,12,5796,7222
2023-01-12 14:13:23,8,12,5796,7222
2023-01-12 14:13:52,8,13,5796,7222
2023-01-12 14:13:52,8,14,5796,7222
2023-01-12 14:13:52,8,16,5796,7222
2023-01-12 14:13:52,8,14,5796,7222
2023-01-12 14:13:53,9,14,5796,7222
2023-01-12 14:14:27,9,13,5796,7222
2023-01-12 14:14:53,9,12,5796,7222
2023-01-12 14:14:53,8,12,5796,7222
2023-01-12 14:15:19,8,12,5853,7335
2023-01-12 14:15:33,8,11,5853,7335
2023-01-12 14:15:33,7,11,5853,7335
2023-01-12 14:16:25,8,11,5853,7335
2023-01-12 14:16:27,8,12,5853,7335
2023-01-12 14:16:33,8,13,6018,7500
2023-01-12 14:16:53,8,14,6018,7500
2023-01-12 14:16:53,9,14,6018,7500
2023-01-12 14:16:53,10,14,6018,7500
2023-01-12 14:17:23,10,13,6018,7500
2023-01-12 14:17:23,9,13,6018,7500
2023-01-12 14:18:53,9,12,6018,7500
2023-01-12 14:18:53,8,12,6018,7500
2023-01-12 14:19:23,8,11,6018,7500
2023-01-12 14:19:52,8,12,6018,7500
2023-01-12 14:21:06,7,12,6018,7500
2023-01-12 14:21:09,7,11,6018,7500
2023-01-12 14:22:30,7,12,6164,7646
2023-01-12 14:22:53,7,13,6164,7646
2023-01-12 14:22:54,8,13,6164,7646
2023-01-12 14:22:54,9,13,6164,7646
2023-01-12 14:23:15,9,14,6292,7774
2023-01-12 14:23:23,9,15,6292,7774
2023-01-12 14:23:24,12,15,6292,7774
2023-01-12 14:23:24,13,15,6292,7774
2023-01-12 14:23:24,13,18,6292,7774
2023-01-12 14:23:54,12,18,6292,7774
2023-01-12 14:23:54,11,18,6292,7774
2023-01-12 14:23:54,11,16,6292,7774
2023-01-12 14:24:25,11,18,6292,7774
2023-01-12 14:24:25,11,17,6292,7774
2023-01-12 14:24:25,12,17,6292,7774
2023-01-12 14:24:54,11,17,6292,7774
2023-01-12 14:24:55,11,15,6292,7774
2023-01-12 14:25:33,11,14,6292,7774
2023-01-12 14:25:33,10,14,6292,7774
2023-01-12 14:26:00,10,13,6292,7774
2023-01-12 14:26:00,10,12,6292,7774
2023-01-12 14:26:25,10,14,6292,7774
2023-01-12 14:27:53,10,15,6292,7774
2023-01-12 14:27:54,10,17,6292,7774
2023-01-12 14:27:54,10,20,6292,7774
2023-01-12 14:27:54,10,18,6292,7774
2023-01-12 14:27:54,10,16,6292,7774
2023-01-12 14:27:54,10,14,6292,7774
2023-01-12 14:28:24,9,14,6292,7774
2023-01-12 14:28:25,9,13,6292,7774
2023-01-12 14:29:22,9,14,6292,7774
2023-01-12 14:29:23,10,14,6292,7774
2023-01-12 14:29:52,10,16,6292,7774
2023-01-12 14:29:52,11,16,6292,7774
2023-01-12 14:30:35,10,16,6292,7774
2023-01-12 14:30:35,10,15,6292,7774
2023-01-12 14:31:05,10,17,6292,7774
2023-01-12 14:31:05,10,20,6292,7774
2023-01-12 14:31:05,10,18,6292,7774
2023-01-12 14:31:06,13,18,6292,7774
2023-01-12 14:32:24,12,18,6292,7774
2023-01-12 14:32:24,12,20,6292,7774
2023-01-12 14:32:24,11,20,6292,7774
2023-01-12 14:32:25,11,23,6292,7774
2023-01-12 14:32:25,11,19,6292,7774
2023-01-12 14:32:25,11,17,6292,7774
2023-01-12 14:32:25,11,15,6292,7774
2023-01-12 14:32:53,11,14,6292,7774
2023-01-12 14:32:53,10,14,6292,7774
2023-01-12 14:33:23,9,14,6292,7774
2023-01-12 14:33:24,9,13,6292,7774
2023-01-12 14:33:53,9,14,6292,7774
2023-01-12 14:33:54,10,14,6292,7774
2023-01-12 14:33:54,11,14,6292,7774
2023-01-12 14:33:55,11,15,6292,7774
2023-01-12 14:34:24,10,15,6292,7774
2023-01-12 14:34:24,10,17,6292,7774
2023-01-12 14:34:24,10,16,6292,7774
2023-01-12 14:34:24,10,14,6292,7774
2023-01-12 14:34:53,10,13,6292,7774
2023-01-12 14:34:55,9,13,6292,7774
2023-01-12 14:35:33,10,13,6292,7774
2023-01-12 14:35:33,10,14,6292,7774
2023-01-12 14:36:01,11,14,6292,7774
2023-01-12 14:36:01,11,15,6292,7774
2023-01-12 14:36:30,10,15,6292,7774
2023-01-12 14:37:22,12,15,6292,7774
2023-01-12 14:37:22,12,17,6292,7774
2023-01-12 14:37:23,12,20,6292,7774
2023-01-12 14:37:23,12,18,6292,7774
2023-01-12 14:37:23,12,16,6292,7774
2023-01-12 14:37:40,11,16,6292,7891
2023-01-12 14:37:52,10,16,6292,7891
2023-01-12 14:37:52,7,16,6292,7891
2023-01-12 14:37:52,9,16,6292,7891
2023-01-12 14:37:52,9,15,6292,7891
2023-01-12 14:37:52,9,13,6292,7891
2023-01-12 14:38:43,8,13,6292,8073
2023-01-12 14:38:52,7,13,6292,8073
2023-01-12 14:38:53,7,11,6292,8073
2023-01-12 14:38:53,7,10,6292,8073
2023-01-12 14:38:53,7,9,6292,8073
2023-01-12 14:41:39,7,9,6312,8093
2023-01-12 14:42:25,7,8,6312,8093
2023-01-12 14:43:52,7,9,6312,8093
2023-01-12 14:44:24,7,10,6312,8093
2023-01-12 14:44:53,7,11,6312,8093
2023-01-12 14:45:33,7,12,6312,8093
2023-01-12 14:45:33,7,11,6312,8093
2023-01-12 14:46:24,7,10,6312,8093
2023-01-12 14:46:53,7,9,6312,8093
2023-01-12 14:48:24,7,8,6312,8093
2023-01-12 14:49:23,7,9,6312,8093
2023-01-12 14:49:53,7,8,6312,8093
2023-01-12 14:50:32,7,9,6312,8093
2023-01-12 14:51:27,7,10,6312,8093
2023-01-12 14:51:54,8,10,6312,8093
2023-01-12 14:51:55,9,10,6312,8093
2023-01-12 14:51:55,9,13,6393,8174
2023-01-12 14:52:24,9,14,6393,8174
2023-01-12 14:52:24,10,14,6393,8174
2023-01-12 14:52:45,10,16,6511,8292
2023-01-12 14:52:52,10,15,6511,8292
2023-01-12 14:52:52,10,14,6511,8292
2023-01-12 14:53:23,10,15,6511,8292
2023-01-12 14:53:23,11,15,6511,8292
2023-01-12 14:53:23,12,15,6511,8292
2023-01-12 14:53:25,12,16,6511,8292
2023-01-12 14:53:52,12,15,6511,8292
2023-01-12 14:53:52,11,15,6511,8292
2023-01-12 14:53:52,10,15,6511,8292
2023-01-12 14:53:52,10,14,6511,8292
2023-01-12 14:55:30,11,14,6511,8292
2023-01-12 14:55:30,11,15,6511,8292
2023-01-12 14:56:25,12,15,6511,8292
2023-01-12 14:56:25,13,15,6511,8292
2023-01-12 14:56:26,13,17,6511,8292
2023-01-12 14:56:38,13,17,6516,8302
2023-01-12 14:56:53,12,17,6516,8302
2023-01-12 14:56:53,12,18,6516,8302
2023-01-12 14:56:56,12,16,6516,8302
2023-01-12 14:57:23,12,18,6516,8302
2023-01-12 14:57:23,11,18,6516,8302
2023-01-12 14:57:23,11,15,6516,8302
2023-01-12 14:57:54,11,14,6516,8302
2023-01-12 14:57:55,10,14,6516,8302
2023-01-12 14:58:23,11,14,6516,8302
2023-01-12 14:58:23,11,15,6516,8302
2023-01-12 14:59:25,11,17,6516,8302
2023-01-12 14:59:25,11,19,6516,8302
2023-01-12 14:59:25,11,12,6516,8302
2023-01-12 14:59:26,10,12,6516,8302
2023-01-12 14:59:26,8,12,6516,8302
2023-01-12 15:01:19,8,13,6600,8386
2023-01-12 15:01:31,9,13,6600,8386
2023-01-12 15:02:08,9,14,6701,8487
2023-01-12 15:02:14,9,15,6775,8561
2023-01-12 15:02:23,11,15,6775,8561
2023-01-12 15:02:23,11,14,6775,8561
2023-01-12 15:02:52,10,14,6775,8561
2023-01-12 15:03:23,9,14,6775,8561
2023-01-12 15:03:24,9,13,6775,8561
2023-01-12 15:03:53,9,14,6775,8561
2023-01-12 15:04:25,9,12,6775,8561
2023-01-12 15:04:26,8,12,6775,8561
2023-01-12 15:04:26,7,12,6775,8561
2023-01-12 15:04:26,7,11,6775,8561
2023-01-12 15:05:35,8,11,6775,8561
2023-01-12 15:05:35,8,12,6775,8561
2023-01-12 15:06:36,9,12,6775,8561
2023-01-12 15:06:36,9,13,6775,8561
2023-01-12 15:07:32,10,13,6775,8561
2023-01-12 15:07:33,10,14,6775,8561
2023-01-12 15:08:01,9,14,6775,8561
2023-01-12 15:08:02,9,13,6775,8561
2023-01-12 15:08:19,10,13,6775,8561
2023-01-12 15:08:30,10,14,6775,8561
2023-01-12 15:08:46,10,18,7008,8794
2023-01-12 15:09:01,14,18,7008,8794
2023-01-12 15:09:30,14,17,7008,8794
2023-01-12 15:09:34,13,17,7008,8794
2023-01-12 15:10:06,13,19,7102,8888
2023-01-12 15:10:35,13,21,7102,8888
2023-01-12 15:10:36,10,21,7102,8888
2023-01-12 15:10:36,16,21,7102,8888
2023-01-12 15:10:36,18,21,7102,8888
2023-01-12 15:10:37,18,22,7102,8888
2023-01-12 15:11:07,18,24,7102,8888
2023-01-12 15:11:07,18,26,7102,8888
2023-01-12 15:11:07,16,26,7102,8888
2023-01-12 15:11:07,10,26,7102,8888
2023-01-12 15:11:07,10,34,7102,8888
2023-01-12 15:11:07,10,33,7102,8888
2023-01-12 15:11:32,10,33,7107,8893
2023-01-12 15:11:39,10,34,7107,8893
2023-01-12 15:12:08,10,33,7107,8893
2023-01-12 15:12:25,8,33,7107,8893
2023-01-12 15:12:55,13,33,7107,8893
2023-01-12 15:13:00,13,34,7107,8893
2023-01-12 15:13:01,13,33,7107,8893
2023-01-12 15:13:17,13,28,7107,8893
2023-01-12 15:13:23,13,27,7107,8893
2023-01-12 15:14:07,13,28,7107,8893
2023-01-12 15:14:10,13,26,7107,8893
2023-01-12 15:14:18,13,26,7117,8903
2023-01-12 15:15:17,13,25,7117,8903
2023-01-12 15:18:09,12,25,7117,8903
2023-01-12 15:18:14,8,25,7117,8903
2023-01-12 15:21:35,10,25,7117,8903
2023-01-12 15:22:47,8,25,7117,8903
2023-01-12 15:22:48,5,25,7117,8903
2023-01-12 15:23:23,5,23,7117,8903
2023-01-12 15:28:27,5,20,7117,8903
2023-01-12 15:29:00,5,25,7117,8903
2023-01-12 15:29:11,5,22,7117,8903
2023-01-12 15:29:26,5,21,7117,8903
2023-01-12 15:29:44,6,21,7117,8903
2023-01-12 15:34:13,6,16,7117,8903
2023-01-12 15:34:26,6,10,7117,8903
2023-01-12 15:34:41,3,10,7117,8903
2023-01-12 15:34:56,4,10,7117,8903
2023-01-12 15:35:49,4,16,7117,8903
2023-01-12 15:35:58,4,15,7117,8903
2023-01-12 15:44:27,4,14,7117,8903
2023-01-12 15:45:27,4,24,7147,8933
2023-01-12 15:45:54,4,32,7147,8933
2023-01-12 15:45:54,4,40,7147,8933
2023-01-12 15:45:54,4,48,7147,8933
2023-01-12 15:45:54,4,88,7147,8933
2023-01-12 15:45:54,4,47,7147,8933
2023-01-12 15:46:01,5,47,7147,8933
2023-01-12 15:46:04,5,29,7147,8933
2023-01-12 15:46:51,5,28,7147,8933
2023-01-12 15:46:58,6,28,7147,8933
2023-01-12 15:48:34,7,28,7147,8933
2023-01-12 15:50:12,7,27,7147,8933
2023-01-12 15:50:19,7,28,7147,8933
2023-01-12 15:50:21,7,27,7147,8933
2023-01-12 15:50:26,7,28,7147,8933
2023-01-12 15:50:28,8,28,7147,8933
2023-01-12 15:50:31,8,27,7147,8933
2023-01-12 15:50:39,7,8,7147,8973
2023-01-12 15:50:43,3,37,7194,9068
2023-01-12 15:50:43,3,36,7194,9068
2023-01-12 15:51:03,3,35,7194,9068
2023-01-12 15:51:04,3,34,7194,9068
2023-01-12 15:51:08,3,35,7194,9068
2023-01-12 15:51:09,3,13,7194,9068
2023-01-12 15:51:39,3,12,7194,9068
2023-01-12 15:51:50,3,11,7194,9068
2023-01-12 15:52:05,3,10,7194,9068
2023-01-12 15:52:36,2,10,7194,9068
2023-01-12 15:53:34,2,9,7194,9068
2023-01-12 15:53:47,2,8,7194,9068
2023-01-12 15:54:27,2,8,7204,9078
2023-01-12 15:55:14,1,8,7393,9267
2023-01-12 15:56:06,1,5,7393,9267
2023-01-12 15:56:13,1,5,7393,9322
2023-01-12 15:56:29,0,5,8592,10620
2023-01-12 15:56:31,0,4,8592,10620
2023-01-12 15:56:45,0,1,8592,10620
