datetime,bid,ask,open_interest,volume
2023-10-09 09:30:06,1,31,42,42
2023-10-09 09:30:12,1,35,42,42
2023-10-09 09:30:30,2,87,42,42
2023-10-09 09:30:31,2,86,42,42
2023-10-09 09:30:33,21,86,42,42
2023-10-09 09:30:36,21,85,42,42
2023-10-09 09:30:53,23,85,42,42
2023-10-09 09:30:53,23,33,42,42
2023-10-09 09:31:00,28,33,42,42
2023-10-09 09:31:00,28,31,42,42
2023-10-09 09:31:00,28,30,42,42
2023-10-09 09:32:17,28,31,42,42
2023-10-09 09:35:27,28,30,42,42
2023-10-09 09:36:03,28,31,42,42
2023-10-09 09:36:05,28,30,42,42
2023-10-09 09:36:07,28,31,42,42
2023-10-09 09:36:10,28,31,162,162
2023-10-09 09:36:11,28,30,162,162
2023-10-09 09:36:19,28,31,162,162
2023-10-09 09:38:31,29,31,162,162
2023-10-09 09:38:31,29,31,362,362
2023-10-09 09:42:23,28,31,362,362
2023-10-09 09:42:28,28,30,362,362
2023-10-09 09:42:39,28,31,362,362
2023-10-09 09:42:42,28,30,362,362
2023-10-09 09:45:10,27,30,482,482
2023-10-09 09:45:11,27,29,482,482
2023-10-09 09:46:24,27,30,482,482
2023-10-09 09:46:33,27,29,482,482
2023-10-09 09:46:34,27,30,482,482
2023-10-09 09:46:42,28,30,482,482
2023-10-09 09:46:46,27,30,482,482
2023-10-09 09:46:56,27,29,482,482
2023-10-09 09:47:06,27,30,482,482
2023-10-09 09:47:13,27,29,482,482
2023-10-09 09:47:33,27,30,482,482
2023-10-09 09:47:34,27,29,482,482
2023-10-09 09:47:36,27,30,482,482
2023-10-09 09:47:45,27,29,482,482
2023-10-09 09:48:34,27,28,482,482
2023-10-09 09:48:52,26,28,482,482
2023-10-09 09:49:00,26,28,542,542
2023-10-09 09:49:38,26,27,542,542
2023-10-09 09:49:41,25,27,542,542
2023-10-09 09:50:12,25,26,542,542
2023-10-09 09:50:24,25,27,542,542
2023-10-09 09:51:03,26,27,542,542
2023-10-09 09:51:15,26,28,542,542
2023-10-09 09:52:01,26,28,542,875
2023-10-09 09:53:41,27,28,542,875
2023-10-09 09:53:47,27,28,542,885
2023-10-09 09:53:59,26,28,542,885
2023-10-09 09:55:06,26,28,542,905
2023-10-09 09:56:43,25,28,542,905
2023-10-09 09:56:47,26,28,542,905
2023-10-09 09:57:52,25,28,542,905
2023-10-09 09:57:53,26,28,542,905
2023-10-09 09:58:59,26,29,542,905
2023-10-09 09:58:59,27,29,542,905
2023-10-09 10:00:08,26,29,542,905
2023-10-09 10:00:33,26,28,542,905
2023-10-09 10:00:35,25,28,542,905
2023-10-09 10:00:42,26,28,542,905
2023-10-09 10:00:57,26,29,542,905
2023-10-09 10:01:00,27,29,542,905
2023-10-09 10:01:15,28,29,542,905
2023-10-09 10:01:23,28,30,542,905
2023-10-09 10:02:54,29,30,542,905
2023-10-09 10:03:19,29,31,542,905
2023-10-09 10:03:40,30,31,542,905
2023-10-09 10:05:02,30,32,605,1105
2023-10-09 10:09:51,30,31,605,1105
2023-10-09 10:10:58,29,31,605,1105
2023-10-09 10:11:12,30,31,605,1105
2023-10-09 10:11:52,30,31,855,1355
2023-10-09 10:11:54,30,32,1105,1605
2023-10-09 10:12:12,31,32,1105,1605
2023-10-09 10:15:34,31,32,1105,1665
2023-10-09 10:15:36,30,32,1105,1665
2023-10-09 10:15:47,29,32,1105,1665
2023-10-09 10:16:48,30,32,1105,1665
2023-10-09 10:17:08,29,32,1105,1665
2023-10-09 10:17:12,30,32,1105,1665
2023-10-09 10:17:55,30,31,1105,1665
2023-10-09 10:17:57,29,31,1105,1665
2023-10-09 10:18:02,30,31,1105,1665
2023-10-09 10:18:03,29,31,1105,1665
2023-10-09 10:18:13,30,31,1105,1665
2023-10-09 10:18:19,29,31,1105,1665
2023-10-09 10:18:30,30,31,1105,1665
2023-10-09 10:18:31,29,31,1105,1665
2023-10-09 10:18:34,30,31,1105,1665
2023-10-09 10:18:35,29,31,1105,1665
2023-10-09 10:18:36,30,31,1105,1665
2023-10-09 10:18:37,29,31,1105,1665
2023-10-09 10:18:38,30,31,1105,1665
2023-10-09 10:18:47,29,31,1105,1665
2023-10-09 10:18:54,30,31,1105,1665
2023-10-09 10:19:00,29,31,1105,1665
2023-10-09 10:20:23,30,31,1105,1665
2023-10-09 10:20:36,29,31,1105,1665
2023-10-09 10:20:39,30,31,1105,1665
2023-10-09 10:21:14,30,32,1460,2020
2023-10-09 10:22:48,29,32,1460,2020
2023-10-09 10:22:58,29,32,1470,2030
2023-10-09 10:23:00,29,31,1470,2030
2023-10-09 10:23:24,30,31,1470,2030
2023-10-09 10:23:32,30,31,1530,2090
2023-10-09 10:23:34,29,31,1930,2490
2023-10-09 10:23:43,29,31,2230,2790
2023-10-09 10:24:00,30,31,2230,2790
2023-10-09 10:24:00,30,31,2230,2990
2023-10-09 10:24:12,30,31,2230,2999
2023-10-09 10:24:13,30,31,2230,3009
2023-10-09 10:24:15,30,31,2230,3019
2023-10-09 10:24:20,30,31,2230,3030
2023-10-09 10:24:24,30,31,2230,3090
2023-10-09 10:24:41,30,31,2230,3290
2023-10-09 10:24:51,28,31,2250,3310
2023-10-09 10:24:57,28,30,2250,3310
2023-10-09 10:25:29,29,30,2250,3310
2023-10-09 10:25:34,29,31,2250,3310
2023-10-09 10:26:15,28,31,2250,3310
2023-10-09 10:26:34,29,31,2250,3310
2023-10-09 10:26:56,29,32,2250,3310
2023-10-09 10:27:00,29,31,2250,3310
2023-10-09 10:27:12,29,32,2250,3310
2023-10-09 10:27:16,30,32,2250,3310
2023-10-09 10:28:13,31,32,2250,3310
2023-10-09 10:29:15,31,33,2250,3310
2023-10-09 10:29:25,32,33,2250,3310
2023-10-09 10:29:25,32,33,2250,3430
2023-10-09 10:30:04,31,33,2250,3430
2023-10-09 10:30:33,32,33,2250,3430
2023-10-09 10:31:11,31,33,2250,3430
2023-10-09 10:34:55,32,33,2250,3430
2023-10-09 10:35:13,31,33,1957,3830
2023-10-09 10:35:26,32,33,1957,3830
2023-10-09 10:35:38,31,33,1957,4030
2023-10-09 10:35:40,32,33,1957,4030
2023-10-09 10:35:45,32,33,1957,4210
2023-10-09 10:36:46,32,33,2196,4449
2023-10-09 10:37:29,32,34,2196,4449
2023-10-09 10:37:54,33,34,2196,4449
2023-10-09 10:38:02,33,34,2196,4549
2023-10-09 10:38:07,33,35,2196,4549
2023-10-09 10:38:33,34,35,2196,4549
2023-10-09 10:39:23,33,35,2196,4549
2023-10-09 10:39:24,33,34,2196,4549
2023-10-09 10:39:24,33,35,2196,4549
2023-10-09 10:39:26,33,34,2196,4549
2023-10-09 10:39:26,33,35,2196,4549
2023-10-09 10:39:37,33,34,2196,4549
2023-10-09 10:39:38,33,35,2196,4549
2023-10-09 10:39:57,34,35,2196,4549
2023-10-09 10:40:48,34,35,2196,5104
2023-10-09 10:40:49,34,36,2196,5104
2023-10-09 10:42:34,35,36,2196,5104
2023-10-09 10:42:40,34,36,2196,5104
2023-10-09 10:42:41,35,36,2196,5104
2023-10-09 10:42:49,34,36,2196,5104
2023-10-09 10:44:16,34,35,2196,5104
2023-10-09 10:44:31,34,36,2196,5104
2023-10-09 10:44:33,34,35,2196,5104
2023-10-09 10:44:34,34,36,2196,5104
2023-10-09 10:44:38,34,35,2196,5104
2023-10-09 10:44:58,34,36,2196,5104
2023-10-09 10:44:59,34,35,2196,5104
2023-10-09 10:45:00,34,36,2196,5104
2023-10-09 10:45:58,34,35,2196,5104
2023-10-09 10:46:05,34,36,2196,5104
2023-10-09 10:47:02,35,36,2196,5104
2023-10-09 10:47:26,35,36,2314,5222
2023-10-09 10:48:44,35,37,2314,5222
2023-10-09 10:49:36,36,37,2314,5222
2023-10-09 10:52:17,36,37,2314,5227
2023-10-09 10:53:10,36,37,2455,5527
2023-10-09 10:54:22,36,38,2455,5527
2023-10-09 10:55:39,36,37,2455,5527
2023-10-09 10:55:41,36,38,2455,5527
2023-10-09 10:55:57,36,37,2455,5527
2023-10-09 10:55:58,36,38,2455,5527
2023-10-09 10:56:02,36,37,2455,5527
2023-10-09 10:56:18,36,38,2455,5527
2023-10-09 10:56:27,37,38,2455,5527
2023-10-09 10:59:56,37,39,2455,5527
2023-10-09 10:59:57,37,38,2455,5527
2023-10-09 11:00:03,37,39,2455,5527
2023-10-09 11:00:05,37,38,2455,5527
2023-10-09 11:00:08,37,39,2455,5527
2023-10-09 11:00:11,37,38,2455,5527
2023-10-09 11:00:15,37,39,2455,5527
2023-10-09 11:00:23,37,38,2455,5527
2023-10-09 11:00:24,37,39,2455,5527
2023-10-09 11:00:25,37,38,2455,5527
2023-10-09 11:02:26,37,39,2455,5527
2023-10-09 11:02:28,38,39,2455,5527
2023-10-09 11:02:29,37,39,2455,5527
2023-10-09 11:02:31,37,38,2455,5527
2023-10-09 11:03:16,37,38,2450,5688
2023-10-09 11:03:16,37,39,2450,5688
2023-10-09 11:03:17,38,39,2450,5688
2023-10-09 11:07:43,38,40,2450,5688
2023-10-09 11:07:51,38,39,2450,5688
2023-10-09 11:07:52,38,40,2450,5688
2023-10-09 11:07:54,38,39,2450,5688
2023-10-09 11:07:56,38,40,2450,5688
2023-10-09 11:07:57,39,40,2450,5688
2023-10-09 11:07:58,38,40,2450,5688
2023-10-09 11:08:01,38,39,2450,5688
2023-10-09 11:08:04,38,40,2450,5688
2023-10-09 11:08:05,38,39,2450,5688
2023-10-09 11:08:06,38,40,2450,5688
2023-10-09 11:08:10,38,39,2450,5688
2023-10-09 11:08:16,38,40,2450,5688
2023-10-09 11:08:28,38,39,2450,5688
2023-10-09 11:08:33,38,40,2450,5688
2023-10-09 11:08:47,39,40,2450,5688
2023-10-09 11:08:55,38,40,2450,5688
2023-10-09 11:08:58,38,39,2450,5688
2023-10-09 11:09:06,38,40,2450,5688
2023-10-09 11:09:10,38,39,2450,5688
2023-10-09 11:09:11,38,40,2450,5688
2023-10-09 11:09:31,39,40,2450,5688
2023-10-09 11:11:27,38,40,2450,5688
2023-10-09 11:11:38,38,39,2450,5688
2023-10-09 11:11:40,38,40,2450,5688
2023-10-09 11:11:41,38,39,2450,5688
2023-10-09 11:11:42,38,40,2450,5688
2023-10-09 11:11:57,38,39,2450,5688
2023-10-09 11:12:04,38,40,2450,5688
2023-10-09 11:12:08,39,40,2450,5688
2023-10-09 11:12:09,38,40,2450,5688
2023-10-09 11:12:23,38,39,2450,5688
2023-10-09 11:12:24,38,40,2450,5688
2023-10-09 11:12:45,39,40,2450,5688
2023-10-09 11:18:09,39,41,2450,5688
2023-10-09 11:18:12,39,40,2450,5688
2023-10-09 11:18:38,39,41,2450,5688
2023-10-09 11:18:40,39,40,2450,5688
2023-10-09 11:18:46,39,41,2450,5688
2023-10-09 11:19:00,39,40,2450,5688
2023-10-09 11:19:28,39,41,2450,5688
2023-10-09 11:19:30,39,40,2450,5688
2023-10-09 11:20:21,39,41,2450,5688
2023-10-09 11:20:28,39,40,2450,5688
2023-10-09 11:20:36,39,41,2450,5688
2023-10-09 11:20:37,39,40,2450,5688
2023-10-09 11:20:38,39,41,2450,5688
2023-10-09 11:20:39,39,40,2450,5688
2023-10-09 11:21:18,39,41,2450,5688
2023-10-09 11:21:22,39,40,2450,5688
2023-10-09 11:21:23,39,41,2450,5688
2023-10-09 11:21:24,39,40,2450,5688
2023-10-09 11:21:31,39,41,2450,5688
2023-10-09 11:21:44,39,40,2450,5688
2023-10-09 11:21:45,39,40,2650,5888
2023-10-09 11:21:45,39,41,2650,5888
2023-10-09 11:21:58,39,41,3150,6388
2023-10-09 11:22:02,39,40,3150,6388
2023-10-09 11:22:03,39,41,3150,6388
2023-10-09 11:22:05,39,40,3150,6388
2023-10-09 11:22:06,39,41,3150,6388
2023-10-09 11:22:12,39,40,3150,6388
2023-10-09 11:22:20,39,41,3150,6388
2023-10-09 11:22:28,39,40,3150,6388
2023-10-09 11:22:38,39,41,3150,6388
2023-10-09 11:22:39,39,40,3150,6388
2023-10-09 11:23:01,39,40,3150,6488
2023-10-09 11:23:10,38,40,3150,6488
2023-10-09 11:24:37,38,39,3150,6488
2023-10-09 11:24:46,38,40,3150,6488
2023-10-09 11:25:15,38,39,3150,6488
2023-10-09 11:25:20,38,40,3150,6488
2023-10-09 11:25:22,39,40,3150,6488
2023-10-09 11:25:25,39,41,3150,6488
2023-10-09 11:25:26,38,41,3150,6488
2023-10-09 11:25:26,38,40,3150,6488
2023-10-09 11:26:25,38,39,3150,6488
2023-10-09 11:28:07,37,39,3150,6488
2023-10-09 11:28:45,37,38,3150,6488
2023-10-09 11:29:21,37,38,3181,6519
2023-10-09 11:30:31,36,38,3181,6519
2023-10-09 11:30:52,36,37,3181,6519
2023-10-09 11:32:09,36,38,3181,6519
2023-10-09 11:32:45,37,38,3181,6519
2023-10-09 11:32:46,36,38,3181,6519
2023-10-09 11:33:57,36,37,3181,6519
2023-10-09 11:34:24,36,38,3181,6519
2023-10-09 11:34:38,36,37,3181,6519
2023-10-09 11:35:04,36,38,3181,6519
2023-10-09 11:35:13,36,37,3181,6519
2023-10-09 11:35:54,35,37,3181,6519
2023-10-09 11:39:12,35,38,3181,6519
2023-10-09 11:40:13,36,38,3181,6519
2023-10-09 11:40:29,36,39,3181,6519
2023-10-09 11:40:44,36,38,3181,6519
2023-10-09 11:41:44,36,39,3181,6519
2023-10-09 11:41:44,36,38,3181,6519
2023-10-09 11:42:07,36,39,3181,6519
2023-10-09 11:42:08,37,39,3181,6519
2023-10-09 11:43:06,37,40,3181,6519
2023-10-09 11:43:06,38,40,3181,6519
2023-10-09 11:43:55,38,39,3181,6519
2023-10-09 11:43:55,37,39,3181,6519
2023-10-09 11:46:01,37,40,3181,6519
2023-10-09 11:46:10,37,39,3181,6519
2023-10-09 11:46:24,37,40,3181,6519
2023-10-09 11:46:39,37,40,3381,6719
2023-10-09 11:46:39,39,40,3381,6719
2023-10-09 11:46:40,39,41,3381,6719
2023-10-09 11:46:42,40,41,3381,6719
2023-10-09 11:47:07,40,41,3378,6722
2023-10-09 11:47:41,40,41,3378,6842
2023-10-09 11:47:42,40,41,3378,6852
2023-10-09 11:47:44,38,40,3311,6919
2023-10-09 11:48:24,37,40,3311,6919
2023-10-09 11:48:32,38,40,3311,6919
2023-10-09 11:48:35,37,40,3311,6919
2023-10-09 11:49:40,37,39,3311,6919
2023-10-09 11:50:07,37,40,3311,6919
2023-10-09 11:50:17,37,39,3311,6919
2023-10-09 11:53:29,37,40,3311,6919
2023-10-09 11:53:33,37,39,3311,6919
2023-10-09 11:55:01,37,40,3311,6919
2023-10-09 11:55:43,37,39,3311,6919
2023-10-09 11:56:39,37,40,3311,6919
2023-10-09 11:56:43,37,39,3311,6919
2023-10-09 11:56:44,37,40,3311,6919
2023-10-09 11:57:46,37,39,3311,6919
2023-10-09 11:58:05,37,40,3311,6919
2023-10-09 11:58:06,37,39,3311,6919
2023-10-09 11:58:10,37,38,3311,6919
2023-10-09 11:58:11,36,38,3311,6919
2023-10-09 11:58:37,36,37,3311,6919
2023-10-09 11:58:48,36,38,3311,6919
2023-10-09 11:59:47,36,37,3311,6919
2023-10-09 11:59:49,35,37,3311,6919
2023-10-09 12:00:10,35,36,3311,6919
2023-10-09 12:00:15,34,36,3311,6919
2023-10-09 12:00:42,35,36,3311,6919
2023-10-09 12:00:42,35,37,3311,6919
2023-10-09 12:01:06,34,37,3311,6919
2023-10-09 12:01:09,34,36,3311,6919
2023-10-09 12:01:23,34,35,3311,6919
2023-10-09 12:01:30,33,35,3311,6919
2023-10-09 12:02:44,34,35,3311,6919
2023-10-09 12:02:44,34,37,3311,6919
2023-10-09 12:02:45,35,37,3311,6919
2023-10-09 12:03:08,34,37,3311,6919
2023-10-09 12:03:20,35,37,3311,6919
2023-10-09 12:03:42,34,37,3311,6919
2023-10-09 12:04:13,34,36,3311,6919
2023-10-09 12:04:24,34,37,3311,6919
2023-10-09 12:04:26,35,37,3311,6919
2023-10-09 12:06:02,34,37,3311,6919
2023-10-09 12:06:49,34,36,3311,6919
2023-10-09 12:06:58,33,36,3311,6919
2023-10-09 12:07:18,33,35,3311,6919
2023-10-09 12:07:24,33,34,3311,6919
2023-10-09 12:07:33,32,34,3311,6919
2023-10-09 12:07:37,32,33,3311,6919
2023-10-09 12:07:38,31,33,3311,6919
2023-10-09 12:07:38,31,33,3369,6977
2023-10-09 12:07:38,31,32,3369,6977
2023-10-09 12:08:23,30,32,3369,6977
2023-10-09 12:08:26,30,33,3369,6977
2023-10-09 12:08:26,30,31,3369,6977
2023-10-09 12:09:44,30,33,3369,6977
2023-10-09 12:09:44,30,32,3369,6977
2023-10-09 12:09:53,31,32,3369,6977
2023-10-09 12:10:12,31,33,3369,6977
2023-10-09 12:10:25,31,32,3369,6977
2023-10-09 12:10:39,30,32,3369,6977
2023-10-09 12:11:00,30,33,3369,6977
2023-10-09 12:11:00,30,31,3369,6977
2023-10-09 12:11:03,30,33,3369,6977
2023-10-09 12:11:03,30,32,3369,6977
2023-10-09 12:11:17,30,34,3369,6977
2023-10-09 12:11:17,31,34,3369,6977
2023-10-09 12:11:17,31,33,3369,6977
2023-10-09 12:11:38,31,34,3369,6977
2023-10-09 12:11:38,31,32,3369,6977
2023-10-09 12:12:05,31,34,3369,6977
2023-10-09 12:12:05,31,33,3369,6977
2023-10-09 12:12:10,32,33,3369,6977
2023-10-09 12:12:59,31,33,3369,6977
2023-10-09 12:13:05,31,34,3369,6977
2023-10-09 12:13:05,31,32,3369,6977
2023-10-09 12:13:26,31,34,3369,6977
2023-10-09 12:13:26,31,33,3369,6977
2023-10-09 12:13:32,31,34,3369,6977
2023-10-09 12:13:40,31,34,3369,6977
2023-10-09 12:13:51,31,33,3369,6977
2023-10-09 12:15:32,31,34,3369,6977
2023-10-09 12:15:32,31,32,3369,6977
2023-10-09 12:15:54,30,32,3369,6977
2023-10-09 12:16:02,31,32,3369,6977
2023-10-09 12:16:46,30,32,3369,6977
2023-10-09 12:16:48,31,32,3369,6977
2023-10-09 12:16:51,30,32,3369,6977
2023-10-09 12:17:00,30,33,3369,6977
2023-10-09 12:17:00,30,31,3369,6977
2023-10-09 12:17:09,31,33,3369,7035
2023-10-09 12:17:10,30,33,3369,7035
2023-10-09 12:17:29,30,32,3369,7035
2023-10-09 12:17:38,30,32,3369,7095
2023-10-09 12:17:49,30,31,3369,7095
2023-10-09 12:18:17,30,31,3369,7215
2023-10-09 12:18:19,30,31,3119,7465
2023-10-09 12:18:23,29,31,3049,7535
2023-10-09 12:18:28,29,30,3049,7535
2023-10-09 12:18:37,28,30,3049,7535
2023-10-09 12:19:01,28,30,3109,7595
2023-10-09 12:19:06,28,30,3169,7655
2023-10-09 12:19:11,28,29,3169,7655
2023-10-09 12:19:14,28,29,3228,7714
2023-10-09 12:19:15,27,29,3228,7714
2023-10-09 12:20:44,26,29,3228,7714
2023-10-09 12:20:46,26,28,3228,7714
2023-10-09 12:20:59,25,28,3228,7714
2023-10-09 12:21:15,25,26,3228,7714
2023-10-09 12:21:15,24,26,3228,7714
2023-10-09 12:21:27,24,26,3288,7774
2023-10-09 12:21:28,24,25,3288,7774
2023-10-09 12:21:29,24,25,3348,7834
2023-10-09 12:21:30,23,25,3348,7834
2023-10-09 12:21:42,23,24,3348,7834
2023-10-09 12:21:45,22,24,3348,7834
2023-10-09 12:21:46,22,23,3348,7834
2023-10-09 12:21:46,21,23,3348,7834
2023-10-09 12:22:01,21,22,3348,7834
2023-10-09 12:22:08,21,23,3348,7834
2023-10-09 12:22:09,21,22,3348,7834
2023-10-09 12:22:11,21,23,3348,7834
2023-10-09 12:22:13,21,22,3348,7834
2023-10-09 12:22:17,20,22,3348,7834
2023-10-09 12:22:22,20,21,3348,7834
2023-10-09 12:22:37,20,22,3348,7834
2023-10-09 12:22:56,20,23,3348,7834
2023-10-09 12:22:56,21,23,3348,7834
2023-10-09 12:23:10,22,23,3348,7834
2023-10-09 12:23:10,22,24,3348,7834
2023-10-09 12:25:02,22,25,3348,7834
2023-10-09 12:25:16,23,25,3348,7834
2023-10-09 12:25:23,23,26,3348,7834
2023-10-09 12:25:28,24,26,3348,7834
2023-10-09 12:25:46,24,27,3348,7834
2023-10-09 12:25:52,25,27,3348,7834
2023-10-09 12:25:59,25,28,3348,7834
2023-10-09 12:26:09,26,28,3348,7834
2023-10-09 12:27:11,26,28,3348,8084
2023-10-09 12:27:12,26,29,3348,8084
2023-10-09 12:27:50,26,29,3348,8084
2023-10-09 12:28:02,27,29,3348,8084
2023-10-09 12:28:09,26,29,3348,8084
2023-10-09 12:28:18,27,29,3348,8084
2023-10-09 12:29:56,28,29,3348,8084
2023-10-09 12:29:58,28,30,3348,8284
2023-10-09 12:31:35,28,29,3348,8284
2023-10-09 12:31:37,27,29,3348,8284
2023-10-09 12:32:06,26,29,3348,8284
2023-10-09 12:32:45,26,28,3348,8284
2023-10-09 12:32:49,26,29,3348,8284
2023-10-09 12:32:57,26,28,3348,8284
2023-10-09 12:33:01,26,29,3348,8284
2023-10-09 12:33:11,26,28,3348,8284
2023-10-09 12:33:32,26,29,3348,8284
2023-10-09 12:33:50,27,29,3348,8284
2023-10-09 12:33:54,27,30,3348,8284
2023-10-09 12:34:37,27,29,3348,8284
2023-10-09 12:34:48,26,29,3348,8284
2023-10-09 12:35:00,26,28,3348,8284
2023-10-09 12:35:04,26,29,3348,8284
2023-10-09 12:35:15,27,29,3348,8284
2023-10-09 12:35:15,27,30,3348,8284
2023-10-09 12:35:49,28,30,3348,8284
2023-10-09 12:36:14,28,31,3348,8284
2023-10-09 12:36:14,29,31,3348,8284
2023-10-09 12:36:25,28,31,3348,8284
2023-10-09 12:36:25,28,30,3348,8284
2023-10-09 12:36:32,28,31,3348,8284
2023-10-09 12:37:13,29,31,3348,8284
2023-10-09 12:37:17,28,31,3348,8284
2023-10-09 12:37:42,29,31,3348,8284
2023-10-09 12:38:36,29,32,3348,8284
2023-10-09 12:38:36,30,32,3348,8284
2023-10-09 12:38:58,30,33,3348,8884
2023-10-09 12:38:59,31,33,3348,8884
2023-10-09 12:39:13,30,33,3348,8884
2023-10-09 12:39:15,32,33,3348,8884
2023-10-09 12:39:19,32,33,3348,9134
2023-10-09 12:39:22,32,33,3348,9384
2023-10-09 12:39:23,32,33,3348,9634
2023-10-09 12:39:25,32,33,3348,9884
2023-10-09 12:39:27,32,33,3348,10084
2023-10-09 12:39:27,32,33,3408,10144
2023-10-09 12:39:28,32,33,3468,10204
2023-10-09 12:39:29,30,33,3468,10284
2023-10-09 12:39:29,30,32,3468,10284
2023-10-09 12:39:43,30,33,3468,10284
2023-10-09 12:39:44,31,33,3468,10284
2023-10-09 12:40:58,30,33,3468,10484
2023-10-09 12:40:58,32,33,3468,10484
2023-10-09 12:40:58,32,33,3528,10544
2023-10-09 12:41:00,32,33,3528,10794
2023-10-09 12:41:01,30,33,3528,10984
2023-10-09 12:41:06,30,32,3528,10984
2023-10-09 12:41:24,30,33,3528,10984
2023-10-09 12:42:58,31,33,3528,10984
2023-10-09 12:43:22,32,33,3528,10984
2023-10-09 12:43:38,31,33,3528,11184
2023-10-09 12:44:15,32,33,3528,11184
2023-10-09 12:44:15,32,34,3528,11184
2023-10-09 12:44:16,32,35,3528,11184
2023-10-09 12:44:16,33,35,3528,11184
2023-10-09 12:44:43,34,35,3528,11184
2023-10-09 12:44:44,34,36,3528,11184
2023-10-09 12:44:50,34,37,3528,11184
2023-10-09 12:45:04,34,36,3528,11184
2023-10-09 12:45:24,34,37,3528,11184
2023-10-09 12:45:25,35,37,3528,11184
2023-10-09 12:45:50,36,37,3528,11184
2023-10-09 12:45:58,36,37,3528,11384
2023-10-09 12:46:08,35,37,3528,11384
2023-10-09 12:46:46,35,37,3528,11509
2023-10-09 12:46:48,34,37,3528,11509
2023-10-09 12:46:59,34,36,3528,11509
2023-10-09 12:47:27,33,36,3528,11509
2023-10-09 12:47:31,33,35,3528,11509
2023-10-09 12:47:40,33,35,3528,11759
2023-10-09 12:47:40,33,34,3528,11759
2023-10-09 12:47:40,32,34,3528,11759
2023-10-09 12:47:57,32,34,3633,12009
2023-10-09 12:47:58,32,33,3633,12009
2023-10-09 12:47:58,31,33,3633,12009
2023-10-09 12:49:14,31,33,3633,12209
2023-10-09 12:49:18,31,34,3633,12209
2023-10-09 12:50:02,31,33,3633,12209
2023-10-09 12:50:29,31,33,3693,12269
2023-10-09 12:50:56,31,34,3693,12269
2023-10-09 12:51:01,31,33,3693,12269
2023-10-09 12:52:55,31,34,3693,12269
2023-10-09 12:53:06,32,34,3693,12269
2023-10-09 12:53:07,32,35,3693,12269
2023-10-09 12:53:27,32,34,3693,12269
2023-10-09 12:53:28,32,35,3693,12269
2023-10-09 12:53:29,32,34,3693,12269
2023-10-09 12:53:31,31,34,3693,12269
2023-10-09 12:55:18,31,33,3693,12269
2023-10-09 12:56:01,31,34,3693,12269
2023-10-09 12:56:16,31,33,3693,12269
2023-10-09 12:56:33,31,34,3693,12269
2023-10-09 12:57:12,32,34,3693,12269
2023-10-09 12:57:21,32,35,3693,12269
2023-10-09 12:57:29,33,35,3693,12269
2023-10-09 12:57:29,33,36,3693,12269
2023-10-09 12:57:35,34,36,3693,12269
2023-10-09 12:57:37,33,36,3693,12269
2023-10-09 12:57:42,34,36,3693,12269
2023-10-09 12:57:47,34,37,3693,12269
2023-10-09 12:57:49,35,37,3693,12269
2023-10-09 12:58:02,36,37,3693,12269
2023-10-09 12:58:16,35,37,3693,12269
2023-10-09 12:58:44,34,37,3693,12269
2023-10-09 12:59:10,34,36,3693,12269
2023-10-09 12:59:18,33,36,3693,12269
2023-10-09 12:59:40,33,35,3693,12269
2023-10-09 12:59:59,32,35,3693,12269
2023-10-09 12:59:59,32,34,3693,12269
2023-10-09 13:00:23,32,33,3693,12269
2023-10-09 13:00:23,31,33,3693,12269
2023-10-09 13:00:48,31,32,3693,12269
2023-10-09 13:00:48,30,32,3893,12469
2023-10-09 13:01:05,29,32,3893,12469
2023-10-09 13:01:13,29,31,3893,12469
2023-10-09 13:01:27,29,32,3893,12469
2023-10-09 13:01:27,31,32,3893,12469
2023-10-09 13:01:27,31,33,3893,12469
2023-10-09 13:02:04,31,32,3893,12469
2023-10-09 13:02:06,30,32,3893,12469
2023-10-09 13:02:16,29,32,3893,12469
2023-10-09 13:02:36,30,32,3893,12469
2023-10-09 13:02:43,29,32,3893,12469
2023-10-09 13:02:44,29,31,3893,12469
2023-10-09 13:03:20,29,31,3893,12589
2023-10-09 13:03:21,29,30,3893,12589
2023-10-09 13:03:24,28,30,3893,12589
2023-10-09 13:03:33,27,30,3893,12589
2023-10-09 13:03:33,27,29,3893,12589
2023-10-09 13:04:25,27,29,3893,12594
2023-10-09 13:04:56,27,30,3893,12594
2023-10-09 13:04:57,28,30,3893,12594
2023-10-09 13:05:37,27,30,3893,12594
2023-10-09 13:05:46,28,30,3893,12594
2023-10-09 13:05:52,28,31,3893,12594
2023-10-09 13:06:12,29,31,3893,12594
2023-10-09 13:06:17,29,32,3893,12594
2023-10-09 13:06:22,29,31,3893,12594
2023-10-09 13:06:53,28,31,3893,12594
2023-10-09 13:06:53,28,30,3893,12594
2023-10-09 13:06:58,27,30,3893,12594
2023-10-09 13:07:18,28,30,3893,12594
2023-10-09 13:07:21,28,29,3893,12594
2023-10-09 13:07:21,28,29,3898,12599
2023-10-09 13:07:29,28,31,3898,12791
2023-10-09 13:07:30,28,30,3898,12791
2023-10-09 13:07:31,28,29,3898,12791
2023-10-09 13:07:31,28,30,3998,13004
2023-10-09 13:07:32,28,29,3998,13004
2023-10-09 13:07:33,28,29,4248,13254
2023-10-09 13:07:37,28,30,4259,13265
2023-10-09 13:07:38,28,29,4259,13265
2023-10-09 13:07:39,28,30,4259,13265
2023-10-09 13:07:40,28,29,4259,13265
2023-10-09 13:07:41,28,29,4509,13515
2023-10-09 13:07:41,28,30,4509,13515
2023-10-09 13:08:03,28,29,4509,13515
2023-10-09 13:08:08,28,30,4509,13515
2023-10-09 13:08:09,28,29,4509,13515
2023-10-09 13:08:11,28,30,4509,13515
2023-10-09 13:08:12,27,30,4509,13515
2023-10-09 13:08:12,27,29,4509,13515
2023-10-09 13:08:41,28,29,4509,13515
2023-10-09 13:08:41,28,29,4638,13644
2023-10-09 13:08:42,27,29,4638,13644
2023-10-09 13:08:56,27,28,4638,13644
2023-10-09 13:09:52,26,28,5038,14044
2023-10-09 13:10:03,26,27,5038,14044
2023-10-09 13:10:22,25,27,5038,14044
2023-10-09 13:10:39,25,26,5038,14044
2023-10-09 13:10:41,25,27,5219,14225
2023-10-09 13:10:44,26,27,5219,14225
2023-10-09 13:10:44,26,28,5219,14225
2023-10-09 13:10:48,27,28,5219,14225
2023-10-09 13:10:48,27,29,5219,14225
2023-10-09 13:11:02,27,29,5269,14475
2023-10-09 13:11:13,27,28,5269,14475
2023-10-09 13:11:30,26,28,5269,14475
2023-10-09 13:11:44,26,27,5269,14475
2023-10-09 13:12:05,26,28,5501,14707
2023-10-09 13:12:06,26,27,5501,14707
2023-10-09 13:12:08,26,28,5690,14896
2023-10-09 13:12:09,26,27,5690,14896
2023-10-09 13:12:27,25,27,5690,14896
2023-10-09 13:13:19,25,27,5983,15189
2023-10-09 13:13:32,25,26,5983,15189
2023-10-09 13:13:43,24,27,5983,15189
2023-10-09 13:14:01,24,26,5983,15189
2023-10-09 13:14:11,24,27,5983,15189
2023-10-09 13:14:16,25,27,5983,15189
2023-10-09 13:15:18,24,27,5983,15189
2023-10-09 13:15:52,24,26,5983,15189
2023-10-09 13:15:52,24,25,5983,15189
2023-10-09 13:16:33,23,25,5983,15189
2023-10-09 13:16:34,23,24,5983,15189
2023-10-09 13:17:00,22,24,5983,15189
2023-10-09 13:18:36,22,24,6233,15439
2023-10-09 13:18:55,22,23,6233,15439
2023-10-09 13:18:56,22,24,6441,15647
2023-10-09 13:18:57,23,24,6441,15647
2023-10-09 13:19:57,22,24,6441,15647
2023-10-09 13:19:57,22,23,6441,15647
2023-10-09 13:19:58,22,23,6541,15747
2023-10-09 13:20:00,22,24,6541,15747
2023-10-09 13:20:11,22,23,6541,15747
2023-10-09 13:20:11,22,24,6541,15747
2023-10-09 13:20:16,22,23,6541,15747
2023-10-09 13:20:34,22,24,6747,15953
2023-10-09 13:20:38,23,24,6747,15953
2023-10-09 13:20:39,23,25,6747,15953
2023-10-09 13:20:41,23,24,6747,15953
2023-10-09 13:20:42,22,24,6747,15953
2023-10-09 13:20:43,23,24,6747,15953
2023-10-09 13:20:45,23,25,6747,15953
2023-10-09 13:20:51,23,24,6747,15953
2023-10-09 13:20:53,23,25,6747,16053
2023-10-09 13:20:55,24,25,6747,16053
2023-10-09 13:20:56,23,25,6747,16053
2023-10-09 13:20:59,23,26,6747,16053
2023-10-09 13:20:59,24,26,6747,16053
2023-10-09 13:21:01,24,27,6747,16053
2023-10-09 13:21:03,25,27,6747,16053
2023-10-09 13:21:05,25,26,6747,16053
2023-10-09 13:21:09,25,27,6747,16053
2023-10-09 13:21:10,25,26,6747,16053
2023-10-09 13:21:22,25,27,6747,16053
2023-10-09 13:21:23,25,26,6747,16053
2023-10-09 13:21:26,25,26,6997,16303
2023-10-09 13:21:27,25,27,6997,16303
2023-10-09 13:21:38,25,26,6997,16303
2023-10-09 13:21:39,25,27,6997,16303
2023-10-09 13:21:40,25,26,6997,16303
2023-10-09 13:21:44,25,27,6997,16303
2023-10-09 13:22:03,25,26,6997,16303
2023-10-09 13:22:08,24,26,6997,16303
2023-10-09 13:22:09,24,27,6997,16303
2023-10-09 13:22:10,24,26,6997,16303
2023-10-09 13:22:12,24,27,6997,16303
2023-10-09 13:22:18,24,26,6997,16303
2023-10-09 13:22:22,23,26,6997,16303
2023-10-09 13:22:45,23,25,6997,16303
2023-10-09 13:22:49,23,26,6997,16303
2023-10-09 13:23:00,23,25,6997,16303
2023-10-09 13:23:02,23,26,6997,16303
2023-10-09 13:23:18,24,26,6997,16303
2023-10-09 13:23:21,23,26,6997,16303
2023-10-09 13:23:43,24,26,6997,16303
2023-10-09 13:24:00,23,26,6997,16303
2023-10-09 13:24:33,23,25,6997,16303
2023-10-09 13:25:00,23,24,6997,16303
2023-10-09 13:25:00,22,24,6997,16303
2023-10-09 13:25:08,22,23,6997,16303
2023-10-09 13:25:19,21,23,6997,16303
2023-10-09 13:25:22,21,22,6997,16303
2023-10-09 13:25:26,20,22,6997,16303
2023-10-09 13:25:27,20,21,6997,16303
2023-10-09 13:25:36,19,21,7202,16508
2023-10-09 13:25:38,19,20,7202,16508
2023-10-09 13:25:44,18,20,7202,16508
2023-10-09 13:26:02,18,19,7202,16508
2023-10-09 13:26:08,17,19,7202,16508
2023-10-09 13:26:14,17,18,7202,16508
2023-10-09 13:26:17,16,18,7402,16708
2023-10-09 13:27:01,16,18,7462,16768
2023-10-09 13:27:20,16,17,7462,16768
2023-10-09 13:28:00,16,17,7522,16828
2023-10-09 13:28:00,15,17,7522,16828
2023-10-09 13:28:05,15,16,7522,16828
2023-10-09 13:28:06,14,16,7522,16828
2023-10-09 13:28:08,14,15,7522,16828
2023-10-09 13:28:10,13,15,7522,16828
2023-10-09 13:28:40,13,14,7522,16828
2023-10-09 13:28:55,12,14,7522,16828
2023-10-09 13:29:00,12,13,7522,16828
2023-10-09 13:29:05,11,13,7522,16828
2023-10-09 13:29:14,12,13,7522,16828
2023-10-09 13:29:27,11,13,7522,16828
2023-10-09 13:29:35,12,13,7522,16828
2023-10-09 13:29:50,12,14,7122,17228
2023-10-09 13:29:51,13,14,7122,17228
2023-10-09 13:30:00,12,13,6934,17416
2023-10-09 13:30:01,12,14,6934,17416
2023-10-09 13:30:01,11,14,6934,17416
2023-10-09 13:30:01,11,13,6934,17416
2023-10-09 13:30:02,11,12,6934,17416
2023-10-09 13:30:02,10,12,6934,17816
2023-10-09 13:30:03,10,12,6534,18216
2023-10-09 13:30:03,11,12,6534,18216
2023-10-09 13:30:03,10,11,6272,18478
2023-10-09 13:30:06,9,11,6472,18678
2023-10-09 13:30:06,9,10,6472,18678
2023-10-09 13:30:10,9,10,6534,18878
2023-10-09 13:30:13,10,11,6708,19052
2023-10-09 13:30:14,9,11,6708,19052
2023-10-09 13:30:15,9,10,6708,19052
2023-10-09 13:30:19,9,10,6908,19252
2023-10-09 13:30:20,9,11,6908,19252
2023-10-09 13:30:26,9,10,6908,19252
2023-10-09 13:30:28,9,11,6908,19252
2023-10-09 13:30:32,10,11,6908,19252
2023-10-09 13:30:33,9,11,6908,19252
2023-10-09 13:30:50,9,12,6908,19252
2023-10-09 13:30:50,10,12,6908,19252
2023-10-09 13:30:52,10,11,6908,19252
2023-10-09 13:30:54,10,12,6908,19252
2023-10-09 13:30:55,10,11,6908,19252
2023-10-09 13:30:56,10,12,6908,19252
2023-10-09 13:31:01,10,11,6908,19252
2023-10-09 13:31:02,9,11,6908,19252
2023-10-09 13:31:16,9,10,6908,19252
2023-10-09 13:31:20,8,10,7108,19452
2023-10-09 13:31:29,8,9,7108,19452
2023-10-09 13:32:07,7,9,7108,19452
2023-10-09 13:32:21,7,8,7108,19452
2023-10-09 13:32:47,6,8,7108,19452
2023-10-09 13:32:48,7,8,7108,19452
2023-10-09 13:32:49,6,8,7108,19452
2023-10-09 13:32:50,6,8,7108,19752
2023-10-09 13:32:50,7,8,7108,19752
2023-10-09 13:33:12,7,9,7108,19752
2023-10-09 13:33:15,7,8,7108,19752
2023-10-09 13:33:17,7,9,7108,19752
2023-10-09 13:33:20,7,8,7108,19752
2023-10-09 13:33:31,7,9,7108,19752
2023-10-09 13:33:43,7,9,7158,19802
2023-10-09 13:33:43,7,8,7158,19802
2023-10-09 13:34:00,6,8,7158,19802
2023-10-09 13:34:04,6,7,7158,19802
2023-10-09 13:34:08,6,8,7158,19802
2023-10-09 13:34:16,6,7,7158,19802
2023-10-09 13:34:33,6,7,6958,20002
2023-10-09 13:34:34,5,7,6958,20002
2023-10-09 13:34:44,6,7,6958,20002
2023-10-09 13:34:46,5,7,6958,20002
2023-10-09 13:34:48,6,7,6958,20002
2023-10-09 13:34:50,5,7,6958,20002
2023-10-09 13:35:11,6,7,6958,20002
2023-10-09 13:35:26,6,8,6958,20002
2023-10-09 13:35:31,6,7,6958,20002
2023-10-09 13:35:33,6,8,6958,20002
2023-10-09 13:35:35,6,7,6958,20002
2023-10-09 13:35:58,6,8,6958,20002
2023-10-09 13:36:06,5,8,6958,20002
2023-10-09 13:36:07,6,8,6958,20002
2023-10-09 13:36:08,6,7,6958,20002
2023-10-09 13:36:08,5,7,6958,20002
2023-10-09 13:36:13,5,8,6958,20002
2023-10-09 13:36:14,5,7,6958,20002
2023-10-09 13:36:19,6,7,6958,20002
2023-10-09 13:36:20,6,8,6958,20002
2023-10-09 13:36:54,6,7,6958,20002
2023-10-09 13:37:01,5,6,6958,20243
2023-10-09 13:37:53,4,6,6958,20243
2023-10-09 13:37:54,4,5,6958,20243
2023-10-09 13:38:24,4,6,6958,20243
2023-10-09 13:38:32,5,6,6958,20243
2023-10-09 13:39:11,5,6,6758,20443
2023-10-09 13:39:11,4,6,6758,20443
2023-10-09 13:39:14,4,6,6818,20503
2023-10-09 13:39:15,4,5,6818,20503
2023-10-09 13:40:15,4,5,6878,20563
2023-10-09 13:40:25,4,5,6878,20803
2023-10-09 13:40:25,3,5,6878,20803
2023-10-09 13:40:37,3,4,6878,20803
2023-10-09 13:41:00,3,4,6938,20863
2023-10-09 13:41:09,3,4,7058,20983
2023-10-09 13:41:12,3,4,7058,21103
2023-10-09 13:41:15,2,4,7058,21103
2023-10-09 13:41:33,3,4,7058,21103
2023-10-09 13:41:52,3,4,7058,21243
2023-10-09 13:41:53,2,4,7058,21243
2023-10-09 13:42:04,3,4,7058,21243
2023-10-09 13:42:06,2,4,7058,21243
2023-10-09 13:42:08,2,3,7058,21243
2023-10-09 13:43:37,1,3,7058,21243
2023-10-09 13:43:42,1,2,7058,21243
2023-10-09 13:43:48,1,3,7058,21443
2023-10-09 13:43:49,1,2,7058,21443
2023-10-09 13:44:07,0,1,7058,21543
2023-10-09 13:44:08,0,2,7058,21543
2023-10-09 13:44:09,0,2,6203,22398
2023-10-09 13:44:49,0,3,6203,22398
2023-10-09 13:44:53,1,3,6203,22398
2023-10-09 13:44:54,0,3,6203,22398
2023-10-09 13:45:41,0,2,6203,22398
2023-10-09 13:46:26,0,3,6203,22398
2023-10-09 13:46:29,1,3,6203,22398
2023-10-09 13:46:39,1,3,6203,22428
2023-10-09 13:47:00,0,3,6203,22428
2023-10-09 13:48:11,0,2,6203,22428
2023-10-09 13:57:27,0,1,6203,22428
2023-10-09 14:01:23,0,2,6003,22628
2023-10-09 14:06:43,0,1,6003,22628
2023-10-09 14:08:39,0,1,5998,22633
2023-10-09 14:17:15,0,1,5994,22637
2023-10-09 14:22:02,0,2,6064,23037
2023-10-09 14:36:25,0,2,6664,23637
2023-10-09 14:36:46,1,2,6664,23637
2023-10-09 14:36:50,1,2,6767,23740
2023-10-09 14:36:53,1,2,6780,23753
2023-10-09 14:36:55,1,2,6887,23860
2023-10-09 14:37:03,1,2,7067,24040
2023-10-09 14:39:50,1,2,7267,24240
2023-10-09 14:40:04,1,2,7327,24300
2023-10-09 14:40:04,0,2,7327,24300
2023-10-09 14:51:05,2,3,7727,24700
2023-10-09 14:51:05,2,3,7907,24880
2023-10-09 14:51:13,2,3,8107,25080
2023-10-09 14:51:15,2,3,8303,25276
2023-10-09 14:51:57,0,3,8327,25300
2023-10-09 15:26:11,1,3,8327,25300
2023-10-09 15:26:12,1,2,8327,25300
2023-10-09 15:26:13,0,2,8327,25331
2023-10-09 15:36:39,0,1,8327,25331
