datetime,bid,ask,open_interest,volume
2023-11-20 09:30:26,1,41,5,5
2023-11-20 09:30:26,1,40,5,5
2023-11-20 09:30:43,2,40,5,5
2023-11-20 09:30:43,33,40,5,5
2023-11-20 09:30:49,2,40,5,5
2023-11-20 09:30:50,30,40,5,5
2023-11-20 09:30:50,32,40,5,5
2023-11-20 09:31:00,37,40,5,5
2023-11-20 09:31:00,38,40,5,5
2023-11-20 09:31:01,37,40,5,5
2023-11-20 09:31:10,37,39,5,5
2023-11-20 09:31:35,36,39,5,5
2023-11-20 09:31:43,37,39,5,5
2023-11-20 09:31:47,36,39,5,5
2023-11-20 09:32:01,36,38,5,5
2023-11-20 09:32:24,36,39,5,5
2023-11-20 09:32:25,36,38,5,5
2023-11-20 09:32:34,36,39,5,5
2023-11-20 09:32:40,36,38,5,5
2023-11-20 09:32:45,36,39,5,5
2023-11-20 09:32:52,37,39,5,5
2023-11-20 09:32:55,36,39,5,5
2023-11-20 09:32:57,36,38,5,5
2023-11-20 09:33:02,36,39,5,5
2023-11-20 09:33:03,37,39,5,5
2023-11-20 09:33:09,36,39,5,5
2023-11-20 09:33:15,36,38,5,5
2023-11-20 09:33:30,36,39,5,5
2023-11-20 09:33:33,36,38,5,5
2023-11-20 09:33:36,36,39,5,5
2023-11-20 09:33:54,37,39,5,5
2023-11-20 09:34:03,36,39,5,5
2023-11-20 09:34:07,37,39,5,5
2023-11-20 09:34:13,36,39,5,5
2023-11-20 09:34:18,36,38,5,5
2023-11-20 09:34:31,35,38,5,5
2023-11-20 09:34:38,36,38,5,5
2023-11-20 09:34:39,35,38,5,5
2023-11-20 09:34:40,36,38,5,5
2023-11-20 09:34:41,35,38,5,5
2023-11-20 09:34:51,35,37,5,5
2023-11-20 09:34:53,34,37,5,5
2023-11-20 09:34:54,35,37,5,5
2023-11-20 09:34:56,34,37,5,5
2023-11-20 09:34:59,34,36,5,5
2023-11-20 09:35:14,34,35,5,5
2023-11-20 09:35:22,33,35,5,5
2023-11-20 09:35:31,33,34,5,5
2023-11-20 09:35:43,33,34,125,125
2023-11-20 09:35:47,32,34,205,205
2023-11-20 09:35:47,32,33,205,205
2023-11-20 09:35:49,31,33,805,805
2023-11-20 09:35:49,31,32,805,805
2023-11-20 09:35:50,31,32,1055,1055
2023-11-20 09:35:52,31,32,1305,1305
2023-11-20 09:35:54,31,33,1507,1507
2023-11-20 09:35:54,31,32,1507,1507
2023-11-20 09:36:00,31,33,1507,1507
2023-11-20 09:36:00,31,32,1507,1507
2023-11-20 09:36:42,31,33,1507,1507
2023-11-20 09:36:42,31,32,1507,1507
2023-11-20 09:36:49,31,33,1507,1507
2023-11-20 09:37:00,31,32,1507,1507
2023-11-20 09:37:00,31,33,1507,1507
2023-11-20 09:37:03,31,32,1507,1507
2023-11-20 09:37:04,31,33,1507,1507
2023-11-20 09:37:05,31,32,1507,1507
2023-11-20 09:37:06,31,33,1507,1507
2023-11-20 09:37:07,31,32,1507,1507
2023-11-20 09:37:11,31,33,1507,1507
2023-11-20 09:37:14,32,33,1507,1507
2023-11-20 09:37:15,32,34,1507,1507
2023-11-20 09:37:16,32,33,1507,1507
2023-11-20 09:37:23,31,33,1507,1507
2023-11-20 09:37:24,31,34,1507,1507
2023-11-20 09:37:24,31,33,1507,1507
2023-11-20 09:37:25,31,32,1507,1507
2023-11-20 09:37:26,31,33,1507,1507
2023-11-20 09:37:29,31,34,1507,1507
2023-11-20 09:37:29,31,33,1507,1507
2023-11-20 09:37:30,31,32,1507,1507
2023-11-20 09:37:31,31,33,1507,1507
2023-11-20 09:37:32,31,32,1507,1507
2023-11-20 09:37:33,31,34,1507,1507
2023-11-20 09:37:33,31,33,1507,1507
2023-11-20 09:37:33,31,33,1507,1507
2023-11-20 09:37:34,31,32,1507,1507
2023-11-20 09:37:53,31,33,1507,1507
2023-11-20 09:37:53,31,32,1507,1507
2023-11-20 09:37:58,31,32,1681,1681
2023-11-20 09:37:59,30,32,1681,1681
2023-11-20 09:37:59,30,31,1681,1681
2023-11-20 09:38:00,30,32,1681,1681
2023-11-20 09:38:00,30,31,1681,1681
2023-11-20 09:38:30,30,32,1681,1681
2023-11-20 09:38:30,30,31,1681,1681
2023-11-20 09:38:49,31,32,1783,1783
2023-11-20 09:38:53,31,34,1783,1783
2023-11-20 09:38:53,31,33,1783,1783
2023-11-20 09:38:56,31,34,1783,1783
2023-11-20 09:38:56,31,33,1783,1783
2023-11-20 09:39:01,31,34,1783,1783
2023-11-20 09:39:04,31,33,1783,1783
2023-11-20 09:39:08,30,33,1783,1783
2023-11-20 09:39:10,31,33,1783,1783
2023-11-20 09:39:17,30,33,1783,1783
2023-11-20 09:39:18,30,32,1783,1783
2023-11-20 09:39:19,30,33,1783,1783
2023-11-20 09:39:19,30,31,1783,1783
2023-11-20 09:39:20,30,32,1783,1783
2023-11-20 09:39:20,30,31,1783,1783
2023-11-20 09:39:23,30,33,1783,1783
2023-11-20 09:39:23,30,31,1783,1783
2023-11-20 09:39:28,30,32,1783,1783
2023-11-20 09:39:28,30,31,1783,1783
2023-11-20 09:39:37,30,31,1983,1983
2023-11-20 09:39:37,30,32,1983,1983
2023-11-20 09:39:39,30,31,1983,1983
2023-11-20 09:39:39,30,32,1983,1983
2023-11-20 09:39:41,31,32,1983,1983
2023-11-20 09:39:52,30,32,1983,1983
2023-11-20 09:39:53,30,31,1983,1983
2023-11-20 09:39:54,30,33,1983,1983
2023-11-20 09:39:54,30,31,1983,1983
2023-11-20 09:39:56,30,32,2110,2110
2023-11-20 09:39:56,30,31,2110,2110
2023-11-20 09:39:57,31,32,2271,2271
2023-11-20 09:39:58,30,32,2271,2271
2023-11-20 09:39:58,30,34,2271,2271
2023-11-20 09:39:59,32,34,2271,2271
2023-11-20 09:40:13,32,35,2271,2271
2023-11-20 09:40:30,32,34,2271,2271
2023-11-20 09:40:30,32,35,2271,2271
2023-11-20 09:40:31,32,34,2271,2271
2023-11-20 09:40:44,32,33,2271,2271
2023-11-20 09:40:50,32,34,2271,2271
2023-11-20 09:40:53,32,35,2271,2271
2023-11-20 09:41:08,33,35,2271,2271
2023-11-20 09:41:08,32,35,2271,2271
2023-11-20 09:41:09,33,35,2271,2271
2023-11-20 09:41:14,33,34,2271,2271
2023-11-20 09:41:15,33,35,2271,2271
2023-11-20 09:41:17,33,34,2271,2271
2023-11-20 09:41:21,33,35,2271,2271
2023-11-20 09:41:25,32,35,2271,2271
2023-11-20 09:41:25,33,35,2271,2271
2023-11-20 09:41:36,33,34,2271,2271
2023-11-20 09:41:36,32,34,2271,2271
2023-11-20 09:41:39,32,35,2271,2271
2023-11-20 09:41:40,32,34,2271,2271
2023-11-20 09:41:41,32,35,2271,2271
2023-11-20 09:41:43,32,34,2271,2271
2023-11-20 09:41:45,32,35,2271,2271
2023-11-20 09:41:51,32,34,2271,2271
2023-11-20 09:42:01,33,34,2271,2271
2023-11-20 09:42:02,32,34,2271,2271
2023-11-20 09:42:04,33,34,2271,2271
2023-11-20 09:42:04,32,34,2271,2271
2023-11-20 09:42:06,32,35,2271,2271
2023-11-20 09:42:06,32,34,2271,2271
2023-11-20 09:42:06,33,34,2271,2271
2023-11-20 09:42:08,33,35,2271,2271
2023-11-20 09:42:10,33,34,2271,2271
2023-11-20 09:42:15,32,34,2271,2271
2023-11-20 09:42:23,32,33,2271,2271
2023-11-20 09:43:04,32,34,2271,2271
2023-11-20 09:43:10,32,33,2271,2271
2023-11-20 09:43:10,32,34,2271,2271
2023-11-20 09:43:11,32,33,2271,2271
2023-11-20 09:43:11,32,34,2271,2271
2023-11-20 09:43:56,32,35,2271,2271
2023-11-20 09:43:56,32,34,2271,2271
2023-11-20 09:44:09,32,35,2271,2271
2023-11-20 09:44:09,33,35,2271,2271
2023-11-20 09:44:09,33,35,2271,2371
2023-11-20 09:44:09,33,34,2271,2371
2023-11-20 09:44:10,33,35,2271,2371
2023-11-20 09:44:16,33,36,2271,2371
2023-11-20 09:44:26,33,35,2271,2371
2023-11-20 09:44:26,33,36,2271,2371
2023-11-20 09:44:28,34,36,2271,2371
2023-11-20 09:44:28,34,35,2271,2371
2023-11-20 09:44:29,33,35,2271,2371
2023-11-20 09:44:30,33,36,2271,2371
2023-11-20 09:44:30,33,35,2271,2371
2023-11-20 09:44:31,34,35,2271,2371
2023-11-20 09:44:32,33,35,2271,2371
2023-11-20 09:44:58,33,34,2271,2371
2023-11-20 09:45:00,33,35,2271,2371
2023-11-20 09:45:11,33,36,2271,2371
2023-11-20 09:45:13,34,36,2271,2371
2023-11-20 09:45:21,34,35,2271,2371
2023-11-20 09:45:24,33,35,2271,2371
2023-11-20 09:45:37,33,34,2271,2371
2023-11-20 09:45:37,33,35,2271,2371
2023-11-20 09:45:38,33,34,2271,2371
2023-11-20 09:45:43,32,34,2271,2371
2023-11-20 09:45:48,33,34,2271,2371
2023-11-20 09:45:48,33,35,2271,2371
2023-11-20 09:45:49,33,34,2271,2371
2023-11-20 09:45:50,33,35,2271,2371
2023-11-20 09:45:51,33,36,2271,2371
2023-11-20 09:45:52,34,36,2271,2371
2023-11-20 09:46:10,34,35,2271,2371
2023-11-20 09:46:14,34,36,2271,2371
2023-11-20 09:46:14,34,35,2271,2371
2023-11-20 09:46:18,34,36,2271,2371
2023-11-20 09:46:19,34,35,2271,2371
2023-11-20 09:46:25,34,36,2271,2371
2023-11-20 09:46:33,34,35,2271,2371
2023-11-20 09:46:35,34,36,2271,2371
2023-11-20 09:46:51,35,36,2271,2371
2023-11-20 09:46:54,34,36,2271,2371
2023-11-20 09:46:54,35,36,2271,2371
2023-11-20 09:47:05,35,37,2271,2371
2023-11-20 09:47:12,36,37,2271,2371
2023-11-20 09:47:13,35,37,2271,2371
2023-11-20 09:47:17,36,37,2271,2371
2023-11-20 09:47:44,35,37,2271,2371
2023-11-20 09:47:52,35,36,2271,2371
2023-11-20 09:47:54,34,36,2271,2371
2023-11-20 09:48:09,34,35,2271,2371
2023-11-20 09:48:20,34,36,2271,2371
2023-11-20 09:48:20,34,35,2271,2371
2023-11-20 09:48:35,34,36,2271,2371
2023-11-20 09:48:35,34,35,2271,2371
2023-11-20 09:49:07,33,35,2271,2371
2023-11-20 09:49:07,33,34,2271,2371
2023-11-20 09:49:08,33,35,2271,2371
2023-11-20 09:49:08,33,34,2271,2371
2023-11-20 09:49:18,33,35,2271,2371
2023-11-20 09:49:19,33,34,2271,2371
2023-11-20 09:49:20,33,35,2271,2371
2023-11-20 09:49:23,33,34,2271,2371
2023-11-20 09:49:24,33,35,2271,2371
2023-11-20 09:49:25,33,34,2271,2371
2023-11-20 09:49:32,33,35,2271,2371
2023-11-20 09:49:48,33,34,2271,2371
2023-11-20 09:49:48,33,35,2271,2371
2023-11-20 09:49:54,34,35,2271,2371
2023-11-20 09:50:02,33,35,2271,2371
2023-11-20 09:50:04,33,34,2271,2371
2023-11-20 09:50:14,32,34,2271,2371
2023-11-20 09:50:16,32,33,2271,2371
2023-11-20 09:50:17,32,34,2271,2371
2023-11-20 09:50:19,32,33,2271,2371
2023-11-20 09:50:19,32,34,2271,2371
2023-11-20 09:50:19,32,34,2300,2400
2023-11-20 09:50:20,32,33,2300,2400
2023-11-20 09:50:32,31,33,2300,2400
2023-11-20 09:50:32,31,32,2300,2400
2023-11-20 09:50:39,30,32,2300,2400
2023-11-20 09:50:39,30,31,2300,2400
2023-11-20 09:50:50,30,32,2300,2400
2023-11-20 09:50:50,30,31,2300,2400
2023-11-20 09:50:59,30,32,2300,2400
2023-11-20 09:51:04,30,31,2300,2400
2023-11-20 09:51:40,29,31,2300,2400
2023-11-20 09:51:40,29,30,2300,2400
2023-11-20 09:51:45,28,30,2300,2400
2023-11-20 09:51:52,28,29,2300,2400
2023-11-20 09:51:53,28,30,2300,2400
2023-11-20 09:51:56,28,29,2300,2400
2023-11-20 09:52:22,27,29,2300,2400
2023-11-20 09:52:22,27,28,2300,2400
2023-11-20 09:52:35,27,30,2300,2400
2023-11-20 09:52:35,27,28,2300,2400
2023-11-20 09:53:34,27,29,2300,2400
2023-11-20 09:53:34,27,28,2300,2400
2023-11-20 09:53:40,27,29,2300,2400
2023-11-20 09:53:44,27,28,2300,2400
2023-11-20 09:54:00,27,29,2300,2400
2023-11-20 09:54:00,27,28,2300,2400
2023-11-20 09:54:13,27,30,2300,2400
2023-11-20 09:54:13,27,28,2300,2400
2023-11-20 09:54:14,27,29,2466,2566
2023-11-20 09:54:14,27,28,2466,2566
2023-11-20 09:54:15,27,29,2466,2566
2023-11-20 09:54:18,28,29,2466,2566
2023-11-20 09:54:21,28,30,2466,2566
2023-11-20 09:54:25,28,31,2466,2566
2023-11-20 09:54:31,29,31,2466,2566
2023-11-20 09:54:50,28,31,2466,2566
2023-11-20 09:54:50,28,30,2466,2566
2023-11-20 09:54:53,29,30,2466,2566
2023-11-20 09:54:54,28,30,2466,2566
2023-11-20 09:54:59,28,31,2466,2566
2023-11-20 09:55:02,28,30,2466,2566
2023-11-20 09:55:02,28,31,2466,2566
2023-11-20 09:55:03,28,30,2466,2566
2023-11-20 09:55:11,28,29,2466,2566
2023-11-20 09:55:14,28,30,2466,2566
2023-11-20 09:55:18,28,29,2466,2566
2023-11-20 09:55:19,28,30,2466,2566
2023-11-20 09:55:19,28,29,2466,2566
2023-11-20 09:55:21,28,30,2591,2691
2023-11-20 09:55:21,28,29,2591,2691
2023-11-20 09:55:21,28,30,2591,2691
2023-11-20 09:55:22,28,29,2591,2691
2023-11-20 09:55:23,28,30,2591,2691
2023-11-20 09:55:25,28,31,2591,2691
2023-11-20 09:55:25,28,30,2591,2691
2023-11-20 09:55:28,29,30,2591,2691
2023-11-20 09:55:29,29,31,2591,2691
2023-11-20 09:55:35,28,31,2591,2691
2023-11-20 09:55:35,28,30,2591,2691
2023-11-20 09:55:50,28,29,2591,2691
2023-11-20 09:55:54,28,30,2591,2691
2023-11-20 09:55:58,28,29,2591,2691
2023-11-20 09:56:02,28,30,2591,2691
2023-11-20 09:56:08,28,29,2591,2691
2023-11-20 09:56:17,27,29,2591,2691
2023-11-20 09:56:23,26,29,2591,2691
2023-11-20 09:56:23,26,28,2591,2691
2023-11-20 09:56:33,26,27,2591,2691
2023-11-20 09:56:44,26,28,2591,2691
2023-11-20 09:56:44,26,27,2591,2691
2023-11-20 09:56:55,26,28,2591,2691
2023-11-20 09:56:56,27,28,2591,2691
2023-11-20 09:56:59,27,29,2591,2691
2023-11-20 09:57:01,27,28,2591,2691
2023-11-20 09:57:04,27,29,2591,2691
2023-11-20 09:57:04,27,28,2591,2691
2023-11-20 09:57:05,27,29,2591,2691
2023-11-20 09:57:05,27,28,2591,2691
2023-11-20 09:57:24,26,28,2591,2691
2023-11-20 09:57:29,27,28,2591,2691
2023-11-20 09:58:01,27,29,2591,2691
2023-11-20 09:58:05,27,28,2591,2691
2023-11-20 09:58:06,27,29,2591,2691
2023-11-20 09:58:07,27,28,2591,2691
2023-11-20 09:58:18,26,28,2591,2691
2023-11-20 09:58:24,26,27,2591,2691
2023-11-20 09:58:27,26,28,2591,2691
2023-11-20 09:58:28,26,27,2591,2691
2023-11-20 09:58:30,26,28,2591,2691
2023-11-20 09:58:32,26,27,2591,2691
2023-11-20 09:58:42,26,28,2591,2691
2023-11-20 09:58:43,26,27,2591,2691
2023-11-20 09:58:44,26,28,2591,2691
2023-11-20 09:58:44,26,27,2591,2691
2023-11-20 09:58:57,26,28,2591,2691
2023-11-20 09:59:02,27,28,2591,2691
2023-11-20 09:59:06,27,29,2591,2691
2023-11-20 09:59:08,27,28,2591,2691
2023-11-20 09:59:10,26,28,2591,2691
2023-11-20 09:59:15,27,28,2591,2691
2023-11-20 09:59:20,26,28,2591,2691
2023-11-20 09:59:21,26,27,2591,2691
2023-11-20 09:59:27,26,28,2591,2691
2023-11-20 09:59:27,27,28,2591,2691
2023-11-20 09:59:29,27,29,2591,2691
2023-11-20 09:59:29,27,28,2591,2691
2023-11-20 09:59:46,26,28,2591,2691
2023-11-20 09:59:46,26,27,2591,2691
2023-11-20 09:59:59,25,27,2591,2691
2023-11-20 10:00:00,25,26,2591,2691
2023-11-20 10:00:01,24,26,2591,2691
2023-11-20 10:00:10,24,27,2591,2891
2023-11-20 10:00:10,25,27,2591,2891
2023-11-20 10:00:15,25,28,2591,2891
2023-11-20 10:00:19,26,28,2591,2891
2023-11-20 10:00:21,25,28,2591,2891
2023-11-20 10:00:25,26,28,2591,2891
2023-11-20 10:00:26,26,27,2591,2891
2023-11-20 10:00:36,25,27,2591,2891
2023-11-20 10:00:47,26,27,2591,2891
2023-11-20 10:00:50,26,28,2591,2891
2023-11-20 10:00:50,26,27,2591,2891
2023-11-20 10:00:51,26,28,2591,2891
2023-11-20 10:00:53,27,28,2591,2891
2023-11-20 10:00:54,27,29,2591,2891
2023-11-20 10:01:05,27,28,2591,2891
2023-11-20 10:01:38,26,28,2591,2891
2023-11-20 10:01:38,26,27,2591,2891
2023-11-20 10:01:40,26,28,2591,2891
2023-11-20 10:01:41,26,27,2591,2891
2023-11-20 10:01:42,25,27,2591,2891
2023-11-20 10:01:43,25,28,2591,2891
2023-11-20 10:01:52,25,27,2591,2891
2023-11-20 10:01:54,25,26,2591,2891
2023-11-20 10:01:56,25,27,2591,2891
2023-11-20 10:01:56,25,26,2591,2891
2023-11-20 10:01:58,25,27,2591,2891
2023-11-20 10:01:59,25,26,2591,2891
2023-11-20 10:01:59,25,27,2591,2891
2023-11-20 10:01:59,25,26,2591,2891
2023-11-20 10:02:08,25,28,2591,2891
2023-11-20 10:02:08,25,27,2591,2891
2023-11-20 10:02:08,25,26,2591,2891
2023-11-20 10:02:08,25,27,2591,2891
2023-11-20 10:02:08,25,26,2591,2891
2023-11-20 10:02:44,25,27,2591,2891
2023-11-20 10:02:44,25,26,2591,2891
2023-11-20 10:03:16,25,27,2591,2891
2023-11-20 10:03:16,25,26,2591,2891
2023-11-20 10:03:23,25,27,2591,2891
2023-11-20 10:03:23,25,26,2591,2891
2023-11-20 10:03:27,25,27,2591,2891
2023-11-20 10:03:32,25,26,2591,2891
2023-11-20 10:03:38,25,27,2591,2891
2023-11-20 10:03:39,26,27,2591,2891
2023-11-20 10:03:44,25,27,2591,2891
2023-11-20 10:03:46,25,26,2591,2891
2023-11-20 10:03:47,25,27,2591,2891
2023-11-20 10:03:48,25,26,2591,2891
2023-11-20 10:03:49,25,27,2591,2891
2023-11-20 10:03:50,25,26,2591,2891
2023-11-20 10:04:14,25,27,2591,2891
2023-11-20 10:04:14,25,26,2591,2891
2023-11-20 10:04:38,25,27,2591,2891
2023-11-20 10:04:38,25,26,2591,2891
2023-11-20 10:05:02,25,27,2591,2891
2023-11-20 10:05:02,25,26,2591,2891
2023-11-20 10:05:07,24,26,2591,2891
2023-11-20 10:05:07,24,25,2591,2891
2023-11-20 10:06:15,23,25,2591,2891
2023-11-20 10:06:15,23,24,2591,2891
2023-11-20 10:06:18,23,25,2591,2891
2023-11-20 10:06:24,24,25,2591,2891
2023-11-20 10:06:24,24,26,2591,2891
2023-11-20 10:06:25,24,27,2591,2891
2023-11-20 10:06:36,25,27,2591,2891
2023-11-20 10:06:37,25,28,2591,2891
2023-11-20 10:06:40,25,27,2591,2891
2023-11-20 10:06:52,25,26,2591,2891
2023-11-20 10:06:59,25,27,2591,2891
2023-11-20 10:06:59,25,27,2610,2910
2023-11-20 10:07:02,25,26,2610,2910
2023-11-20 10:07:03,25,27,2764,3064
2023-11-20 10:07:04,26,27,2764,3064
2023-11-20 10:07:24,26,27,2964,3264
2023-11-20 10:07:24,26,28,2964,3264
2023-11-20 10:07:24,27,28,2964,3264
2023-11-20 10:07:24,27,28,3024,3324
2023-11-20 10:07:28,26,28,3024,3324
2023-11-20 10:07:31,26,27,3024,3324
2023-11-20 10:07:36,26,28,3024,3403
2023-11-20 10:07:37,26,29,3024,3403
2023-11-20 10:07:41,26,28,3024,3403
2023-11-20 10:07:48,27,28,3024,3403
2023-11-20 10:07:48,27,29,3024,3403
2023-11-20 10:07:50,26,29,3024,3403
2023-11-20 10:07:50,26,28,3024,3403
2023-11-20 10:08:29,27,28,3024,3403
2023-11-20 10:08:29,27,28,3224,3603
2023-11-20 10:08:31,26,28,3224,3603
2023-11-20 10:08:33,27,28,3224,3603
2023-11-20 10:09:00,26,28,3224,3603
2023-11-20 10:09:10,26,27,3224,3603
2023-11-20 10:09:12,26,28,3224,3803
2023-11-20 10:09:17,27,28,3224,3803
2023-11-20 10:09:17,27,29,3224,4003
2023-11-20 10:09:27,27,30,3224,4003
2023-11-20 10:09:31,27,29,3224,4003
2023-11-20 10:09:34,27,30,3224,4003
2023-11-20 10:09:36,28,30,3224,4003
2023-11-20 10:09:43,27,30,3224,4003
2023-11-20 10:09:44,28,30,3224,4003
2023-11-20 10:10:04,27,30,3224,4003
2023-11-20 10:10:04,27,29,3224,4003
2023-11-20 10:10:06,27,30,3224,4003
2023-11-20 10:10:07,28,30,3224,4003
2023-11-20 10:10:13,27,30,3224,4003
2023-11-20 10:10:15,27,29,3224,4003
2023-11-20 10:10:16,26,29,3224,4003
2023-11-20 10:10:18,26,28,3224,4003
2023-11-20 10:10:27,25,28,3224,4003
2023-11-20 10:10:27,25,27,3224,4003
2023-11-20 10:11:13,25,26,3224,4003
2023-11-20 10:11:14,24,26,3224,4003
2023-11-20 10:11:46,25,26,3224,4003
2023-11-20 10:11:46,25,26,3406,4185
2023-11-20 10:11:47,25,27,3406,4185
2023-11-20 10:11:58,26,27,3406,4185
2023-11-20 10:11:58,26,27,3424,4203
2023-11-20 10:12:11,26,28,3424,4403
2023-11-20 10:12:11,27,28,3424,4403
2023-11-20 10:12:11,27,28,3589,4568
2023-11-20 10:12:24,27,29,3589,4568
2023-11-20 10:12:28,27,28,3589,4568
2023-11-20 10:12:33,26,28,3589,4568
2023-11-20 10:12:34,26,27,3589,4568
2023-11-20 10:12:36,25,27,3589,4568
2023-11-20 10:12:42,26,27,3589,4568
2023-11-20 10:12:45,26,29,3589,4568
2023-11-20 10:12:45,26,28,3589,4568
2023-11-20 10:12:49,27,28,3589,4568
2023-11-20 10:12:57,27,29,3589,4568
2023-11-20 10:12:57,27,30,3589,4568
2023-11-20 10:12:57,27,29,3589,4568
2023-11-20 10:13:04,27,28,3589,4568
2023-11-20 10:13:10,26,28,3589,4568
2023-11-20 10:13:12,26,27,3589,4568
2023-11-20 10:13:13,25,27,3589,4568
2023-11-20 10:13:16,26,27,3589,4568
2023-11-20 10:13:18,25,27,3589,4568
2023-11-20 10:13:22,26,27,3589,4568
2023-11-20 10:13:23,25,27,3589,4568
2023-11-20 10:13:27,26,27,3589,4568
2023-11-20 10:13:37,26,28,3589,4568
2023-11-20 10:13:37,26,29,3589,4568
2023-11-20 10:13:37,26,28,3589,4568
2023-11-20 10:13:40,26,29,3589,4568
2023-11-20 10:13:40,27,29,3589,4568
2023-11-20 10:13:40,27,30,3589,4568
2023-11-20 10:13:40,27,29,3589,4568
2023-11-20 10:13:41,28,29,3589,4568
2023-11-20 10:13:43,28,29,3839,4818
2023-11-20 10:13:44,28,30,3839,4818
2023-11-20 10:13:44,28,29,3839,4818
2023-11-20 10:13:44,29,30,3939,4918
2023-11-20 10:13:44,28,30,3939,4918
2023-11-20 10:13:44,29,30,3939,4918
2023-11-20 10:13:47,29,31,3939,4918
2023-11-20 10:13:51,30,31,3939,4918
2023-11-20 10:13:55,30,31,4061,5040
2023-11-20 10:13:57,30,32,4061,5040
2023-11-20 10:14:11,31,32,4061,5040
2023-11-20 10:14:22,31,33,4061,5040
2023-11-20 10:14:25,32,33,4061,5040
2023-11-20 10:14:27,32,34,4061,5040
2023-11-20 10:14:33,32,33,4061,5040
2023-11-20 10:14:35,31,33,4061,5040
2023-11-20 10:14:55,31,32,4061,5040
2023-11-20 10:15:01,30,32,4061,5040
2023-11-20 10:15:11,30,31,4061,5040
2023-11-20 10:15:28,30,33,4061,5040
2023-11-20 10:15:28,30,32,4061,5040
2023-11-20 10:15:45,30,34,4061,5040
2023-11-20 10:15:45,30,33,4061,5040
2023-11-20 10:15:45,31,33,4061,5040
2023-11-20 10:16:00,31,32,4061,5040
2023-11-20 10:16:03,30,32,4061,5040
2023-11-20 10:16:07,31,32,4061,5040
2023-11-20 10:16:09,30,32,4061,5040
2023-11-20 10:16:12,30,31,4061,5040
2023-11-20 10:16:14,30,33,4061,5040
2023-11-20 10:16:14,30,32,4061,5040
2023-11-20 10:16:15,31,32,4061,5040
2023-11-20 10:16:19,30,32,4061,5040
2023-11-20 10:16:22,31,32,4061,5040
2023-11-20 10:16:32,31,34,4061,5040
2023-11-20 10:16:32,31,33,4061,5040
2023-11-20 10:16:46,31,34,4061,5040
2023-11-20 10:16:46,31,32,4061,5040
2023-11-20 10:16:48,30,32,4061,5040
2023-11-20 10:17:14,31,32,4061,5040
2023-11-20 10:17:22,30,32,4061,5040
2023-11-20 10:17:25,31,32,4061,5040
2023-11-20 10:17:40,30,32,4061,5040
2023-11-20 10:17:44,31,32,4061,5040
2023-11-20 10:17:48,30,32,4061,5040
2023-11-20 10:17:50,30,33,4061,5040
2023-11-20 10:17:50,30,32,4061,5040
2023-11-20 10:17:50,30,31,4061,5040
2023-11-20 10:18:01,30,33,4061,5040
2023-11-20 10:18:01,30,32,4061,5040
2023-11-20 10:18:03,30,33,4061,5040
2023-11-20 10:18:03,30,32,4061,5040
2023-11-20 10:18:03,30,31,4061,5040
2023-11-20 10:18:04,30,32,4061,5040
2023-11-20 10:18:04,30,33,4061,5040
2023-11-20 10:18:04,30,32,4061,5040
2023-11-20 10:18:15,30,33,4061,5040
2023-11-20 10:18:15,30,31,4061,5040
2023-11-20 10:18:21,30,33,4061,5040
2023-11-20 10:18:21,30,32,4061,5040
2023-11-20 10:18:24,31,32,4061,5040
2023-11-20 10:18:26,31,34,4061,5040
2023-11-20 10:18:26,31,33,4061,5040
2023-11-20 10:18:38,32,33,4061,5040
2023-11-20 10:19:02,32,34,4061,5040
2023-11-20 10:19:10,32,33,4061,5040
2023-11-20 10:19:22,32,34,4061,5040
2023-11-20 10:19:29,33,34,4061,5040
2023-11-20 10:19:44,32,34,4061,5040
2023-11-20 10:19:51,33,34,4061,5040
2023-11-20 10:19:52,32,34,4061,5040
2023-11-20 10:19:53,32,35,4061,5040
2023-11-20 10:19:53,32,33,4061,5040
2023-11-20 10:20:15,32,35,4061,5040
2023-11-20 10:20:15,32,34,4061,5040
2023-11-20 10:20:15,33,34,4061,5040
2023-11-20 10:20:16,32,34,4061,5040
2023-11-20 10:20:30,32,35,4061,5040
2023-11-20 10:20:30,32,33,4061,5040
2023-11-20 10:20:37,32,35,4061,5040
2023-11-20 10:20:37,32,34,4061,5040
2023-11-20 10:20:37,33,34,4061,5040
2023-11-20 10:20:55,32,34,4061,5040
2023-11-20 10:20:58,32,35,4061,5040
2023-11-20 10:20:58,32,34,4061,5040
2023-11-20 10:20:58,32,33,4061,5040
2023-11-20 10:21:11,32,35,4061,5040
2023-11-20 10:21:11,32,34,4061,5040
2023-11-20 10:21:22,33,34,4061,5040
2023-11-20 10:21:30,32,34,4061,5040
2023-11-20 10:21:30,33,34,4061,5040
2023-11-20 10:21:48,33,36,4061,5040
2023-11-20 10:21:48,34,36,4061,5040
2023-11-20 10:21:48,34,35,4061,5040
2023-11-20 10:22:04,34,36,4061,5040
2023-11-20 10:22:04,35,36,4061,5040
2023-11-20 10:22:31,34,36,4061,5040
2023-11-20 10:22:31,34,37,4061,5040
2023-11-20 10:22:31,34,35,4061,5040
2023-11-20 10:23:08,34,35,4061,5240
2023-11-20 10:23:09,34,37,4061,5240
2023-11-20 10:23:09,34,36,4061,5240
2023-11-20 10:23:09,35,36,4061,5240
2023-11-20 10:23:12,34,36,4061,5240
2023-11-20 10:23:13,35,36,4061,5240
2023-11-20 10:23:14,34,36,4061,5240
2023-11-20 10:23:16,35,36,4061,5240
2023-11-20 10:23:18,34,36,4061,5240
2023-11-20 10:23:18,35,36,4061,5240
2023-11-20 10:23:20,35,36,4061,5440
2023-11-20 10:23:21,35,37,4061,5440
2023-11-20 10:23:21,36,37,4061,5440
2023-11-20 10:23:42,36,38,4061,5440
2023-11-20 10:23:42,37,38,4061,5440
2023-11-20 10:23:42,37,38,4061,5440
2023-11-20 10:23:42,38,39,3996,5505
2023-11-20 10:23:42,37,39,3996,5505
2023-11-20 10:23:43,38,39,3996,5505
2023-11-20 10:23:44,37,39,3996,5505
2023-11-20 10:23:44,38,39,3996,5505
2023-11-20 10:23:46,37,39,3996,5505
2023-11-20 10:23:52,38,39,3996,5505
2023-11-20 10:23:54,37,39,3996,5505
2023-11-20 10:23:55,38,39,3996,5505
2023-11-20 10:23:55,38,41,3996,5505
2023-11-20 10:23:55,39,41,3996,5505
2023-11-20 10:24:07,40,41,3996,5505
2023-11-20 10:24:07,41,42,4004,5513
2023-11-20 10:24:08,41,43,4004,5513
2023-11-20 10:24:14,42,43,4004,5513
2023-11-20 10:24:29,41,43,4004,5513
2023-11-20 10:24:34,41,42,4004,5513
2023-11-20 10:24:36,41,43,4004,5513
2023-11-20 10:24:38,42,43,4004,5513
2023-11-20 10:24:39,41,43,4004,5513
2023-11-20 10:24:39,42,43,4004,5513
2023-11-20 10:24:42,41,43,4004,5513
2023-11-20 10:24:42,42,43,4004,5513
2023-11-20 10:24:55,40,43,4004,5513
2023-11-20 10:24:55,42,43,4004,5513
2023-11-20 10:24:55,41,43,4004,5513
2023-11-20 10:24:55,42,43,4004,5513
2023-11-20 10:24:57,41,42,3856,5661
2023-11-20 10:24:58,41,43,3856,5661
2023-11-20 10:24:59,41,42,3856,5661
2023-11-20 10:25:01,41,43,3856,5661
2023-11-20 10:25:07,41,42,3856,5661
2023-11-20 10:25:07,40,42,3856,5661
2023-11-20 10:25:31,41,42,3856,5661
2023-11-20 10:25:36,40,42,3856,5661
2023-11-20 10:25:39,41,42,3856,5661
2023-11-20 10:25:40,40,42,3856,5661
2023-11-20 10:25:52,41,42,3856,5661
2023-11-20 10:25:57,40,42,3856,5661
2023-11-20 10:26:00,41,42,3856,5661
2023-11-20 10:26:00,40,42,3856,5661
2023-11-20 10:26:01,40,41,3856,5661
2023-11-20 10:26:04,40,42,3856,5661
2023-11-20 10:26:18,40,41,3856,5661
2023-11-20 10:26:23,39,41,3856,5661
2023-11-20 10:26:29,40,41,3856,5661
2023-11-20 10:26:30,39,41,3856,5661
2023-11-20 10:26:31,40,41,3856,5661
2023-11-20 10:26:35,40,42,3856,5661
2023-11-20 10:26:53,41,42,3856,5661
2023-11-20 10:27:07,40,42,3856,5661
2023-11-20 10:27:13,40,41,3856,5661
2023-11-20 10:27:14,40,42,3856,5661
2023-11-20 10:27:19,40,41,3856,5661
2023-11-20 10:27:21,39,41,3856,5661
2023-11-20 10:27:22,40,41,3856,5661
2023-11-20 10:27:25,39,41,3856,5661
2023-11-20 10:27:42,40,41,3856,5661
2023-11-20 10:27:45,39,41,3856,5661
2023-11-20 10:27:54,39,40,3856,5661
2023-11-20 10:28:07,39,41,3856,5661
2023-11-20 10:28:21,39,40,3856,5661
2023-11-20 10:28:22,38,40,3856,5661
2023-11-20 10:28:43,38,39,3856,5661
2023-11-20 10:28:47,38,40,3856,5661
2023-11-20 10:28:51,38,39,3856,5661
2023-11-20 10:28:57,37,39,3856,5661
2023-11-20 10:29:00,37,39,4056,5861
2023-11-20 10:29:24,38,39,4056,5861
2023-11-20 10:29:30,37,39,4056,5861
2023-11-20 10:29:31,38,39,4056,5861
2023-11-20 10:29:33,37,39,4056,5861
2023-11-20 10:29:41,37,38,4056,5861
2023-11-20 10:30:02,36,38,4056,5861
2023-11-20 10:30:10,36,37,4056,5861
2023-11-20 10:30:15,35,37,4056,5861
2023-11-20 10:30:56,35,38,4056,5861
2023-11-20 10:30:58,36,38,4056,5861
2023-11-20 10:31:20,36,39,4056,5861
2023-11-20 10:31:21,37,39,4056,5861
2023-11-20 10:31:27,37,40,4056,5861
2023-11-20 10:31:37,38,40,4056,5861
2023-11-20 10:31:56,38,41,4056,5861
2023-11-20 10:31:58,39,41,4056,5861
2023-11-20 10:32:27,39,42,4056,5861
2023-11-20 10:32:32,39,41,4056,5861
2023-11-20 10:32:54,38,41,4056,5861
2023-11-20 10:32:55,38,40,4056,5861
2023-11-20 10:32:56,38,41,4056,5861
2023-11-20 10:32:59,38,40,4056,5861
2023-11-20 10:33:01,38,41,4056,5861
2023-11-20 10:33:06,38,40,4056,5861
2023-11-20 10:33:09,38,41,4056,5861
2023-11-20 10:33:09,39,41,4056,5861
2023-11-20 10:33:10,38,41,4056,5861
2023-11-20 10:33:11,38,40,4056,5861
2023-11-20 10:33:16,38,41,4056,5861
2023-11-20 10:33:17,38,40,4056,5861
2023-11-20 10:33:40,37,40,4056,5861
2023-11-20 10:33:40,37,39,4056,5861
2023-11-20 10:33:44,37,40,4056,5861
2023-11-20 10:33:44,37,39,4056,5861
2023-11-20 10:34:07,37,40,4056,5861
2023-11-20 10:34:17,37,39,4056,5861
2023-11-20 10:34:40,37,40,4056,5861
2023-11-20 10:34:56,38,40,4056,5861
2023-11-20 10:34:57,37,40,4056,5861
2023-11-20 10:34:59,38,40,4056,5861
2023-11-20 10:35:00,38,41,4056,5861
2023-11-20 10:35:01,38,40,4056,5861
2023-11-20 10:35:10,37,40,4056,5861
2023-11-20 10:35:14,37,39,4056,5861
2023-11-20 10:35:22,37,40,4056,5861
2023-11-20 10:35:26,37,39,4056,5861
2023-11-20 10:35:30,37,40,4056,5861
2023-11-20 10:35:34,37,39,4056,5861
2023-11-20 10:35:40,37,40,4056,5861
2023-11-20 10:35:42,37,39,4056,5861
2023-11-20 10:35:43,37,40,4056,5861
2023-11-20 10:36:03,38,40,4056,5861
2023-11-20 10:36:04,38,41,4056,5861
2023-11-20 10:36:05,38,40,4056,5861
2023-11-20 10:36:07,38,41,4056,5861
2023-11-20 10:36:11,38,42,4056,5861
2023-11-20 10:36:11,39,42,4056,5861
2023-11-20 10:36:22,39,43,4056,5861
2023-11-20 10:36:22,40,43,4056,5861
2023-11-20 10:36:27,41,43,4056,5861
2023-11-20 10:36:41,40,43,4056,5861
2023-11-20 10:36:41,41,43,4056,5861
2023-11-20 10:36:41,40,43,4056,5861
2023-11-20 10:36:43,40,42,4056,5861
2023-11-20 10:37:17,40,43,4056,5861
2023-11-20 10:37:17,41,43,4056,5861
2023-11-20 10:37:19,40,43,4056,5861
2023-11-20 10:37:21,41,43,4056,5861
2023-11-20 10:37:22,40,43,4056,5861
2023-11-20 10:37:23,41,43,4056,5861
2023-11-20 10:37:25,40,43,4056,5861
2023-11-20 10:37:29,40,42,4056,5861
2023-11-20 10:37:33,41,42,4056,5861
2023-11-20 10:37:36,40,42,4056,5861
2023-11-20 10:38:04,40,41,4056,5861
2023-11-20 10:38:06,40,42,4056,5861
2023-11-20 10:38:10,40,41,4056,5861
2023-11-20 10:38:11,40,42,4056,5861
2023-11-20 10:38:21,40,41,4056,5861
2023-11-20 10:38:22,39,41,4056,5861
2023-11-20 10:38:57,39,40,4056,5861
2023-11-20 10:39:02,39,41,4056,5861
2023-11-20 10:39:03,39,40,4056,5861
2023-11-20 10:39:06,38,40,4056,5861
2023-11-20 10:39:09,38,41,4056,5861
2023-11-20 10:39:28,38,40,4056,5861
2023-11-20 10:39:31,38,41,4056,5861
2023-11-20 10:39:39,38,40,4056,5861
2023-11-20 10:39:40,38,41,4056,5861
2023-11-20 10:39:42,38,40,4056,5861
2023-11-20 10:39:52,38,41,4056,5861
2023-11-20 10:40:06,38,40,4056,5861
2023-11-20 10:40:20,38,39,4056,5861
2023-11-20 10:40:22,37,39,4056,5861
2023-11-20 10:40:36,37,38,4056,5861
2023-11-20 10:40:40,36,38,4056,5861
2023-11-20 10:40:48,36,39,4056,5861
2023-11-20 10:40:51,37,39,4056,5861
2023-11-20 10:40:54,37,40,4056,5861
2023-11-20 10:41:00,37,39,4056,5861
2023-11-20 10:41:05,36,39,4056,5861
2023-11-20 10:41:15,37,39,4056,5861
2023-11-20 10:41:29,37,40,4056,5861
2023-11-20 10:41:39,37,41,4056,5861
2023-11-20 10:41:40,37,40,4056,5861
2023-11-20 10:41:57,37,39,4056,5861
2023-11-20 10:42:11,36,39,4056,5861
2023-11-20 10:42:15,36,38,4056,5861
2023-11-20 10:42:31,36,37,4056,5861
2023-11-20 10:42:33,36,38,4056,5861
2023-11-20 10:42:43,36,37,4056,5861
2023-11-20 10:42:47,35,37,4056,5861
2023-11-20 10:42:50,35,36,4056,5861
2023-11-20 10:42:51,34,36,4056,5861
2023-11-20 10:42:59,34,35,4056,5861
2023-11-20 10:43:00,34,36,4056,5861
2023-11-20 10:43:06,34,37,4056,5861
2023-11-20 10:43:09,35,37,4056,5861
2023-11-20 10:43:12,35,37,4056,5861
2023-11-20 10:43:14,35,38,4056,5861
2023-11-20 10:43:15,35,37,4056,5861
2023-11-20 10:43:18,34,37,4056,5861
2023-11-20 10:43:25,34,36,4056,5861
2023-11-20 10:43:41,34,37,4056,5861
2023-11-20 10:43:46,35,37,4056,5861
2023-11-20 10:43:47,35,38,4056,5861
2023-11-20 10:43:57,35,37,4056,5861
2023-11-20 10:44:00,35,38,4056,5861
2023-11-20 10:44:04,35,37,4056,5861
2023-11-20 10:44:07,35,38,4056,5861
2023-11-20 10:44:12,36,38,4056,5861
2023-11-20 10:45:09,35,38,4056,5861
2023-11-20 10:45:12,35,37,4056,5861
2023-11-20 10:45:37,36,37,4056,5861
2023-11-20 10:45:37,36,38,4056,5861
2023-11-20 10:45:40,36,39,4056,5861
2023-11-20 10:46:04,36,38,4056,5861
2023-11-20 10:46:06,36,39,4056,5861
2023-11-20 10:46:29,36,38,4056,5861
2023-11-20 10:46:31,36,39,4056,5861
2023-11-20 10:46:32,36,38,4056,5861
2023-11-20 10:46:39,36,39,4056,5861
2023-11-20 10:46:41,36,38,4056,5861
2023-11-20 10:46:42,36,39,4056,5861
2023-11-20 10:46:46,36,38,4056,5861
2023-11-20 10:47:03,35,38,4056,5861
2023-11-20 10:47:08,35,37,4056,5861
2023-11-20 10:47:15,35,38,4056,5861
2023-11-20 10:47:17,35,37,4056,5861
2023-11-20 10:47:28,35,36,4056,5861
2023-11-20 10:47:31,35,37,4056,5861
2023-11-20 10:47:39,35,36,4056,5861
2023-11-20 10:47:41,34,36,4056,5861
2023-11-20 10:47:47,34,37,4056,5861
2023-11-20 10:47:51,34,36,4056,5861
2023-11-20 10:47:56,34,37,4056,5861
2023-11-20 10:47:58,34,36,4056,5861
2023-11-20 10:48:14,34,37,4056,5861
2023-11-20 10:48:18,34,36,4056,5861
2023-11-20 10:49:00,33,36,4056,5861
2023-11-20 10:49:00,33,35,4056,5861
2023-11-20 10:49:18,33,36,4056,5861
2023-11-20 10:49:18,34,36,4056,5861
2023-11-20 10:49:36,33,36,4056,5861
2023-11-20 10:49:42,33,35,4056,5861
2023-11-20 10:50:12,33,36,4056,5861
2023-11-20 10:50:17,34,36,4056,5861
2023-11-20 10:50:39,34,37,4056,5861
2023-11-20 10:50:45,34,38,4056,5861
2023-11-20 10:50:46,34,37,4056,5861
2023-11-20 10:50:51,34,36,4056,5861
2023-11-20 10:51:03,33,36,4056,5861
2023-11-20 10:51:24,33,34,4056,5861
2023-11-20 10:51:29,32,34,4056,5861
2023-11-20 10:51:41,31,34,4056,5861
2023-11-20 10:51:41,31,33,4056,5861
2023-11-20 10:51:49,30,33,4056,5861
2023-11-20 10:52:04,30,32,4056,5861
2023-11-20 10:52:16,30,33,4056,5861
2023-11-20 10:52:20,30,32,4056,5861
2023-11-20 10:52:43,30,31,4056,5861
2023-11-20 10:52:44,29,31,4056,5861
2023-11-20 10:52:52,28,31,4056,5861
2023-11-20 10:52:52,28,30,4056,5861
2023-11-20 10:53:02,28,31,4056,5861
2023-11-20 10:53:12,28,30,4056,5861
2023-11-20 10:53:13,28,31,4056,5861
2023-11-20 10:53:14,28,30,4056,5861
2023-11-20 10:53:16,28,31,4056,5861
2023-11-20 10:53:17,28,30,4056,5861
2023-11-20 10:53:33,28,31,4056,5861
2023-11-20 10:53:48,28,30,4056,5861
2023-11-20 10:54:17,27,30,4056,5861
2023-11-20 10:54:17,27,29,4056,5861
2023-11-20 10:54:38,27,30,4056,5861
2023-11-20 10:54:39,28,30,4056,5861
2023-11-20 10:54:43,28,31,4056,5861
2023-11-20 10:54:54,28,30,4056,5861
2023-11-20 10:54:59,28,31,4056,5861
2023-11-20 10:55:08,28,30,4056,5861
2023-11-20 10:55:15,27,30,4056,5861
2023-11-20 10:55:25,27,29,4056,5861
2023-11-20 10:56:09,26,29,4056,5861
2023-11-20 10:56:09,26,28,4056,5861
2023-11-20 10:56:35,26,29,4056,5861
2023-11-20 10:56:44,26,28,4056,5861
2023-11-20 10:56:55,26,28,4061,5866
2023-11-20 10:57:11,26,27,4061,5866
2023-11-20 10:57:11,25,27,4061,5866
2023-11-20 10:57:37,24,27,4061,5866
2023-11-20 10:57:46,24,26,4061,5866
2023-11-20 10:58:14,24,25,4061,5866
2023-11-20 10:58:18,23,25,4061,5866
2023-11-20 10:58:33,22,25,4061,5866
2023-11-20 10:58:40,23,25,4061,5866
2023-11-20 10:58:42,22,25,4061,5866
2023-11-20 10:58:47,23,25,4061,5866
2023-11-20 10:58:49,23,24,4061,5866
2023-11-20 10:58:49,22,24,4061,5866
2023-11-20 10:58:50,23,24,4061,5866
2023-11-20 10:58:53,23,25,4061,5866
2023-11-20 10:59:01,23,26,4061,5866
2023-11-20 10:59:09,23,25,4061,5866
2023-11-20 10:59:09,24,25,4061,5866
2023-11-20 10:59:09,24,25,4061,5994
2023-11-20 10:59:09,23,25,4061,5994
2023-11-20 10:59:22,22,25,4061,5994
2023-11-20 10:59:24,22,24,4061,5994
2023-11-20 10:59:25,22,25,4061,5994
2023-11-20 10:59:25,23,25,4061,5994
2023-11-20 10:59:29,23,24,4061,5994
2023-11-20 10:59:30,22,24,4061,5994
2023-11-20 10:59:35,23,24,4061,5994
2023-11-20 10:59:36,22,24,4061,5994
2023-11-20 10:59:38,23,24,4061,5994
2023-11-20 10:59:39,22,24,4061,5994
2023-11-20 10:59:59,22,23,4061,5994
2023-11-20 11:00:09,21,23,4061,5994
2023-11-20 11:00:10,21,22,4061,5994
2023-11-20 11:00:10,19,22,4056,6594
2023-11-20 11:00:11,19,21,4056,6594
2023-11-20 11:00:24,19,22,4056,6594
2023-11-20 11:00:26,20,22,4056,6594
2023-11-20 11:00:29,20,21,4056,6594
2023-11-20 11:00:30,19,21,4056,6594
2023-11-20 11:00:40,19,20,4056,6594
2023-11-20 11:00:41,18,20,4056,6594
2023-11-20 11:00:41,17,20,4056,6594
2023-11-20 11:00:45,18,20,4056,6594
2023-11-20 11:00:45,17,20,4056,6594
2023-11-20 11:00:46,18,20,4056,6594
2023-11-20 11:00:53,19,20,4056,6594
2023-11-20 11:00:58,19,21,4056,6594
2023-11-20 11:01:07,19,22,4056,6594
2023-11-20 11:01:07,19,21,4056,6594
2023-11-20 11:01:07,19,22,4056,6594
2023-11-20 11:01:08,19,21,4056,6594
2023-11-20 11:01:08,19,22,4056,6594
2023-11-20 11:01:16,19,21,4056,6594
2023-11-20 11:01:22,20,21,4056,6594
2023-11-20 11:01:23,19,21,4056,6594
2023-11-20 11:01:24,20,21,4056,6594
2023-11-20 11:01:25,19,21,4056,6594
2023-11-20 11:01:33,20,21,4056,6594
2023-11-20 11:01:33,20,22,4056,6594
2023-11-20 11:01:38,19,22,4056,6594
2023-11-20 11:01:38,20,22,4056,6594
2023-11-20 11:02:02,20,21,4056,6594
2023-11-20 11:02:02,19,21,4056,6594
2023-11-20 11:02:12,20,21,4056,6594
2023-11-20 11:02:14,20,22,4056,6594
2023-11-20 11:02:23,19,22,4056,6594
2023-11-20 11:02:24,20,22,4056,6594
2023-11-20 11:03:02,20,21,4056,6594
2023-11-20 11:03:03,20,22,4056,6594
2023-11-20 11:03:11,20,21,4056,6594
2023-11-20 11:03:16,19,21,4056,6594
2023-11-20 11:03:19,20,21,4056,6594
2023-11-20 11:03:25,20,22,4056,6594
2023-11-20 11:03:28,20,21,4056,6594
2023-11-20 11:03:30,20,22,4056,6594
2023-11-20 11:03:31,20,21,4056,6594
2023-11-20 11:03:35,19,21,4056,6594
2023-11-20 11:03:36,18,21,4056,6594
2023-11-20 11:03:37,18,20,4056,6594
2023-11-20 11:03:50,17,20,4056,6594
2023-11-20 11:03:50,18,20,4056,6594
2023-11-20 11:03:51,19,20,4056,6594
2023-11-20 11:03:54,18,20,4056,6594
2023-11-20 11:03:54,18,19,4056,6594
2023-11-20 11:03:58,17,19,4056,6594
2023-11-20 11:04:00,17,18,4056,6594
2023-11-20 11:04:02,16,18,4056,6594
2023-11-20 11:04:06,17,18,4056,6594
2023-11-20 11:04:22,16,18,4056,6594
2023-11-20 11:04:22,17,18,4056,6594
2023-11-20 11:04:52,17,18,3856,6794
2023-11-20 11:04:52,16,18,3856,6794
2023-11-20 11:04:57,16,17,3856,6794
2023-11-20 11:05:26,16,18,3856,6794
2023-11-20 11:05:26,17,18,3856,6794
2023-11-20 11:05:28,16,18,3856,6794
2023-11-20 11:05:28,17,18,3856,6794
2023-11-20 11:05:31,15,18,3856,6794
2023-11-20 11:05:31,17,18,3856,6794
2023-11-20 11:05:31,16,18,3856,6794
2023-11-20 11:05:31,17,18,3856,6794
2023-11-20 11:05:32,17,18,3656,6994
2023-11-20 11:05:32,16,18,3656,6994
2023-11-20 11:05:32,17,18,3656,6994
2023-11-20 11:05:34,16,18,3656,6994
2023-11-20 11:05:47,17,18,3656,6994
2023-11-20 11:05:56,16,18,3656,6994
2023-11-20 11:05:59,17,18,3656,6994
2023-11-20 11:06:10,16,18,3656,6994
2023-11-20 11:06:18,16,18,3456,7194
2023-11-20 11:06:18,15,18,3456,7194
2023-11-20 11:06:22,15,17,3456,7194
2023-11-20 11:06:29,16,17,3456,7194
2023-11-20 11:06:30,16,18,3456,7194
2023-11-20 11:06:45,17,18,3456,7194
2023-11-20 11:06:45,16,18,3456,7194
2023-11-20 11:06:46,17,18,3456,7194
2023-11-20 11:06:53,16,18,3456,7194
2023-11-20 11:07:03,16,17,3456,7194
2023-11-20 11:07:04,16,18,3456,7194
2023-11-20 11:07:04,15,18,3456,7194
2023-11-20 11:07:04,16,18,3456,7194
2023-11-20 11:07:06,16,17,3456,7194
2023-11-20 11:07:24,15,17,3456,7194
2023-11-20 11:07:24,16,17,3456,7194
2023-11-20 11:07:47,16,18,3456,7194
2023-11-20 11:07:51,15,18,3456,7194
2023-11-20 11:07:51,16,18,3456,7194
2023-11-20 11:07:56,17,18,3456,7194
2023-11-20 11:08:18,16,18,3456,7194
2023-11-20 11:08:19,16,17,3456,7194
2023-11-20 11:08:27,16,18,3456,7194
2023-11-20 11:08:29,16,17,3456,7194
2023-11-20 11:08:32,16,18,3456,7194
2023-11-20 11:08:47,16,17,3456,7194
2023-11-20 11:08:55,15,17,3456,7194
2023-11-20 11:08:55,16,17,3456,7194
2023-11-20 11:08:57,15,17,3456,7194
2023-11-20 11:08:57,16,17,3456,7194
2023-11-20 11:09:01,15,17,3456,7194
2023-11-20 11:09:01,16,17,3456,7194
2023-11-20 11:09:11,15,17,3456,7194
2023-11-20 11:09:18,16,17,3456,7194
2023-11-20 11:09:32,16,18,3456,7194
2023-11-20 11:09:46,17,18,3456,7194
2023-11-20 11:09:59,16,17,3310,7340
2023-11-20 11:10:00,16,18,3310,7340
2023-11-20 11:10:02,17,18,3310,7340
2023-11-20 11:10:08,17,19,3310,7340
2023-11-20 11:10:10,17,18,3310,7340
2023-11-20 11:10:19,15,18,3310,7340
2023-11-20 11:10:19,17,18,3310,7340
2023-11-20 11:10:21,17,19,3310,7340
2023-11-20 11:10:23,17,18,3310,7340
2023-11-20 11:10:25,17,19,3310,7340
2023-11-20 11:10:27,17,18,3310,7340
2023-11-20 11:10:39,16,17,3199,7451
2023-11-20 11:10:39,15,17,3199,7451
2023-11-20 11:10:39,17,18,3110,7540
2023-11-20 11:10:39,16,18,3110,7540
2023-11-20 11:10:51,17,18,3110,7540
2023-11-20 11:10:52,16,18,3110,7540
2023-11-20 11:10:54,17,18,3110,7540
2023-11-20 11:10:56,17,19,3110,7540
2023-11-20 11:11:11,17,18,3110,7540
2023-11-20 11:11:28,16,18,3110,7540
2023-11-20 11:11:37,15,18,3110,7540
2023-11-20 11:11:38,16,18,3110,7540
2023-11-20 11:11:56,17,18,3110,7540
2023-11-20 11:12:08,16,17,3003,7736
2023-11-20 11:12:09,16,18,3003,7736
2023-11-20 11:12:23,15,18,3003,7736
2023-11-20 11:12:23,16,18,3003,7736
2023-11-20 11:12:29,17,18,3003,7736
2023-11-20 11:12:30,17,19,3003,7736
2023-11-20 11:12:32,16,19,3003,7736
2023-11-20 11:12:32,17,19,3003,7736
2023-11-20 11:12:33,17,19,3253,7986
2023-11-20 11:12:33,17,20,3253,7986
2023-11-20 11:12:39,17,19,3253,7986
2023-11-20 11:13:03,16,19,3253,7986
2023-11-20 11:13:03,17,19,3253,7986
2023-11-20 11:13:18,17,18,3253,7986
2023-11-20 11:13:28,17,19,3417,8150
2023-11-20 11:13:28,17,20,3417,8150
2023-11-20 11:13:32,18,20,3417,8150
2023-11-20 11:13:34,18,21,3417,8150
2023-11-20 11:13:36,18,20,3417,8150
2023-11-20 11:14:14,18,19,3417,8150
2023-11-20 11:14:16,18,20,3417,8150
2023-11-20 11:14:25,18,21,3417,8150
2023-11-20 11:14:25,18,20,3417,8150
2023-11-20 11:14:36,19,20,3417,8150
2023-11-20 11:14:41,19,21,3417,8150
2023-11-20 11:14:50,19,20,3417,8150
2023-11-20 11:15:00,18,20,3417,8150
2023-11-20 11:15:04,19,20,3417,8150
2023-11-20 11:15:05,19,21,3417,8150
2023-11-20 11:15:12,19,20,3417,8150
2023-11-20 11:15:13,19,21,3417,8150
2023-11-20 11:15:34,19,20,3417,8150
2023-11-20 11:15:36,18,20,3417,8150
2023-11-20 11:15:42,17,20,3417,8150
2023-11-20 11:15:51,17,19,3417,8150
2023-11-20 11:15:57,16,19,3417,8150
2023-11-20 11:15:58,17,19,3417,8150
2023-11-20 11:15:58,16,19,3417,8150
2023-11-20 11:16:04,16,17,3417,8150
2023-11-20 11:16:18,16,18,3417,8150
2023-11-20 11:16:18,17,18,3417,8150
2023-11-20 11:16:19,16,18,3417,8150
2023-11-20 11:16:19,15,18,3417,8150
2023-11-20 11:16:19,17,18,3417,8150
2023-11-20 11:16:19,16,18,3417,8150
2023-11-20 11:16:19,17,18,3417,8150
2023-11-20 11:16:48,17,19,3417,8150
2023-11-20 11:17:23,17,18,3417,8150
2023-11-20 11:17:28,16,18,3417,8150
2023-11-20 11:17:28,17,18,3417,8150
2023-11-20 11:17:34,16,18,3417,8150
2023-11-20 11:17:34,17,18,3417,8150
2023-11-20 11:17:35,16,18,3417,8150
2023-11-20 11:17:35,17,18,3417,8150
2023-11-20 11:17:40,16,18,3417,8150
2023-11-20 11:17:40,17,18,3417,8150
2023-11-20 11:17:44,17,19,3417,8150
2023-11-20 11:17:46,17,18,3417,8150
2023-11-20 11:17:46,16,18,3417,8150
2023-11-20 11:17:46,17,18,3417,8150
2023-11-20 11:17:52,17,19,3417,8150
2023-11-20 11:18:05,16,19,3417,8150
2023-11-20 11:18:05,17,19,3417,8150
2023-11-20 11:18:15,16,19,3417,8150
2023-11-20 11:18:15,17,19,3417,8150
2023-11-20 11:18:29,18,19,3417,8150
2023-11-20 11:18:34,17,19,3417,8150
2023-11-20 11:18:43,16,19,3417,8150
2023-11-20 11:18:50,17,19,3417,8150
2023-11-20 11:18:54,17,18,3417,8150
2023-11-20 11:19:07,17,19,3417,8150
2023-11-20 11:19:07,15,19,3417,8150
2023-11-20 11:19:07,17,19,3417,8150
2023-11-20 11:19:07,17,18,3417,8150
2023-11-20 11:19:07,16,18,3417,8150
2023-11-20 11:19:07,17,18,3417,8150
2023-11-20 11:19:08,17,19,3417,8150
2023-11-20 11:19:08,15,19,3417,8150
2023-11-20 11:19:08,17,19,3417,8150
2023-11-20 11:19:08,17,18,3417,8150
2023-11-20 11:19:10,16,18,3417,8150
2023-11-20 11:19:10,15,18,3417,8150
2023-11-20 11:19:10,15,19,3417,8150
2023-11-20 11:19:10,17,19,3417,8150
2023-11-20 11:19:10,16,18,3417,8150
2023-11-20 11:19:10,17,18,3417,8150
2023-11-20 11:19:14,16,18,3417,8150
2023-11-20 11:19:16,17,18,3417,8150
2023-11-20 11:19:20,17,19,3417,8150
2023-11-20 11:19:21,17,18,3417,8150
2023-11-20 11:19:25,16,18,3417,8150
2023-11-20 11:19:26,17,18,3417,8150
2023-11-20 11:19:27,16,18,3417,8150
2023-11-20 11:19:32,16,17,3417,8150
2023-11-20 11:19:58,16,19,3617,8350
2023-11-20 11:19:58,16,18,3617,8350
2023-11-20 11:19:58,17,18,3617,8350
2023-11-20 11:20:00,17,19,3617,8350
2023-11-20 11:20:11,17,20,3617,8350
2023-11-20 11:20:17,18,20,3617,8350
2023-11-20 11:20:25,18,19,3617,8350
2023-11-20 11:20:29,17,19,3617,8350
2023-11-20 11:20:30,18,19,3617,8350
2023-11-20 11:20:32,17,19,3617,8350
2023-11-20 11:20:33,18,19,3617,8350
2023-11-20 11:20:35,18,20,3617,8350
2023-11-20 11:20:36,18,19,3617,8350
2023-11-20 11:20:36,18,20,3617,8350
2023-11-20 11:20:40,17,20,3617,8350
2023-11-20 11:20:40,18,20,3617,8350
2023-11-20 11:20:53,18,19,3617,8350
2023-11-20 11:20:54,18,20,3617,8350
2023-11-20 11:20:55,18,19,3617,8350
2023-11-20 11:21:03,17,19,3617,8350
2023-11-20 11:21:05,16,19,3617,8350
2023-11-20 11:21:05,17,19,3617,8350
2023-11-20 11:21:28,18,19,3617,8350
2023-11-20 11:21:44,18,20,3617,8350
2023-11-20 11:21:44,17,20,3617,8350
2023-11-20 11:21:44,18,20,3617,8350
2023-11-20 11:21:44,18,19,3617,8350
2023-11-20 11:21:52,18,20,3617,8350
2023-11-20 11:22:04,18,19,3617,8350
2023-11-20 11:22:05,18,20,3617,8350
2023-11-20 11:22:17,17,20,3617,8350
2023-11-20 11:22:17,18,20,3617,8350
2023-11-20 11:22:20,18,19,3617,8350
2023-11-20 11:22:20,17,19,3617,8350
2023-11-20 11:22:45,17,18,3617,8350
2023-11-20 11:22:54,17,19,3617,8350
2023-11-20 11:22:56,17,18,3617,8350
2023-11-20 11:22:57,16,18,3617,8350
2023-11-20 11:22:57,17,18,3617,8350
2023-11-20 11:22:59,16,18,3617,8350
2023-11-20 11:23:11,16,17,3617,8350
2023-11-20 11:23:21,16,18,3617,8350
2023-11-20 11:23:32,17,18,3617,8350
2023-11-20 11:23:49,17,19,3617,8350
2023-11-20 11:23:58,17,18,3617,8350
2023-11-20 11:24:01,16,18,3617,8350
2023-11-20 11:24:15,16,17,3617,8350
2023-11-20 11:24:23,15,16,3667,8540
2023-11-20 11:24:24,15,17,3667,8540
2023-11-20 11:24:43,16,17,3667,8540
2023-11-20 11:24:44,15,17,3667,8540
2023-11-20 11:24:47,16,17,3667,8540
2023-11-20 11:25:01,16,18,3667,8540
2023-11-20 11:25:02,16,17,3667,8540
2023-11-20 11:25:03,16,18,3667,8540
2023-11-20 11:25:17,16,17,3667,8540
2023-11-20 11:25:18,15,17,3667,8540
2023-11-20 11:25:21,15,16,3667,8540
2023-11-20 11:25:37,15,17,3867,8740
2023-11-20 11:25:49,15,18,3867,8740
2023-11-20 11:25:49,16,18,3867,8740
2023-11-20 11:25:49,16,17,3867,8740
2023-11-20 11:25:51,16,18,3867,8740
2023-11-20 11:26:05,16,18,4367,9240
2023-11-20 11:26:20,16,19,4367,9240
2023-11-20 11:26:20,16,18,4367,9240
2023-11-20 11:26:20,17,18,4367,9240
2023-11-20 11:26:21,17,19,4367,9240
2023-11-20 11:26:42,17,20,4367,9240
2023-11-20 11:26:42,17,19,4367,9240
2023-11-20 11:26:44,18,19,4367,9240
2023-11-20 11:26:50,18,19,4367,9440
2023-11-20 11:26:50,18,20,4367,9440
2023-11-20 11:26:53,18,19,4367,9440
2023-11-20 11:26:54,18,20,4367,9440
2023-11-20 11:26:55,18,19,4367,9440
2023-11-20 11:26:56,18,20,4367,9440
2023-11-20 11:27:00,18,19,4367,9440
2023-11-20 11:27:00,17,19,4367,9440
2023-11-20 11:27:05,17,20,4367,9440
2023-11-20 11:27:05,17,19,4367,9440
2023-11-20 11:27:10,16,19,4367,9440
2023-11-20 11:27:10,16,20,4367,9440
2023-11-20 11:27:10,16,19,4367,9440
2023-11-20 11:27:10,17,19,4367,9440
2023-11-20 11:27:37,17,18,4367,9440
2023-11-20 11:27:40,17,19,4367,9440
2023-11-20 11:27:43,17,18,4367,9440
2023-11-20 11:27:53,17,19,4367,9440
2023-11-20 11:28:39,17,20,4367,9440
2023-11-20 11:28:39,17,19,4367,9440
2023-11-20 11:28:53,18,19,4367,9440
2023-11-20 11:28:55,18,20,4367,9440
2023-11-20 11:28:58,18,19,4367,9440
2023-11-20 11:28:58,17,19,4367,9440
2023-11-20 11:29:01,18,19,4367,9440
2023-11-20 11:29:04,18,20,4367,9440
2023-11-20 11:29:05,18,19,4367,9440
2023-11-20 11:29:06,18,20,4367,9440
2023-11-20 11:29:07,18,19,4367,9440
2023-11-20 11:29:07,18,20,4367,9440
2023-11-20 11:29:10,18,19,4367,9440
2023-11-20 11:29:12,18,20,4367,9440
2023-11-20 11:29:13,19,20,4367,9440
2023-11-20 11:29:14,19,21,4367,9440
2023-11-20 11:29:29,19,20,4367,9440
2023-11-20 11:29:39,19,21,4367,9440
2023-11-20 11:29:39,19,20,4367,9440
2023-11-20 11:29:45,18,20,4367,9440
2023-11-20 11:29:53,18,21,4367,9440
2023-11-20 11:29:53,18,20,4367,9440
2023-11-20 11:29:59,18,19,4367,9440
2023-11-20 11:29:59,17,19,4367,9440
2023-11-20 11:30:09,16,19,4367,9440
2023-11-20 11:30:15,16,18,4367,9440
2023-11-20 11:30:20,17,18,4367,9440
2023-11-20 11:30:21,16,18,4367,9440
2023-11-20 11:30:21,17,18,4367,9440
2023-11-20 11:30:23,16,18,4367,9440
2023-11-20 11:30:42,17,18,4367,9440
2023-11-20 11:30:43,16,18,4367,9440
2023-11-20 11:30:44,17,18,4367,9440
2023-11-20 11:30:45,16,18,4367,9440
2023-11-20 11:30:48,17,18,4367,9440
2023-11-20 11:30:52,17,19,4367,9440
2023-11-20 11:31:06,17,20,4367,9440
2023-11-20 11:31:06,17,19,4367,9440
2023-11-20 11:31:10,18,19,4367,9440
2023-11-20 11:31:13,18,20,4367,9440
2023-11-20 11:31:13,18,21,4367,9440
2023-11-20 11:31:13,18,20,4367,9440
2023-11-20 11:31:14,18,19,4367,9440
2023-11-20 11:31:16,18,20,4367,9440
2023-11-20 11:31:16,18,19,4367,9440
2023-11-20 11:31:20,18,20,4367,9440
2023-11-20 11:31:22,19,20,4367,9440
2023-11-20 11:31:28,18,20,4367,9440
2023-11-20 11:31:29,18,19,4367,9440
2023-11-20 11:31:35,18,20,4367,9440
2023-11-20 11:31:35,18,21,4367,9440
2023-11-20 11:31:35,18,19,4367,9440
2023-11-20 11:31:41,18,20,4367,9440
2023-11-20 11:31:44,18,19,4367,9440
2023-11-20 11:31:58,18,20,4367,9440
2023-11-20 11:32:00,18,19,4367,9440
2023-11-20 11:32:02,18,20,4367,9440
2023-11-20 11:32:03,18,21,4367,9440
2023-11-20 11:32:03,18,20,4367,9440
2023-11-20 11:32:04,18,19,4367,9440
2023-11-20 11:32:13,18,20,4367,9440
2023-11-20 11:32:14,19,20,4367,9440
2023-11-20 11:32:24,18,20,4367,9440
2023-11-20 11:32:25,18,19,4367,9440
2023-11-20 11:32:26,18,20,4367,9440
2023-11-20 11:32:28,19,20,4367,9440
2023-11-20 11:32:30,18,20,4367,9440
2023-11-20 11:32:34,19,20,4367,9440
2023-11-20 11:32:44,18,20,4367,9440
2023-11-20 11:32:44,18,19,4367,9440
2023-11-20 11:33:47,18,20,4367,9440
2023-11-20 11:33:47,18,19,4367,9440
2023-11-20 11:33:59,19,20,4367,9589
2023-11-20 11:34:05,18,20,4367,9589
2023-11-20 11:34:06,18,19,4367,9589
2023-11-20 11:34:22,17,19,4367,9589
2023-11-20 11:34:29,16,19,4367,9589
2023-11-20 11:34:34,16,18,4367,9589
2023-11-20 11:34:50,15,18,4367,9589
2023-11-20 11:34:50,16,18,4367,9589
2023-11-20 11:35:11,16,17,4367,9589
2023-11-20 11:35:29,16,18,4367,9589
2023-11-20 11:35:36,16,17,4367,9589
2023-11-20 11:35:39,16,18,4367,9589
2023-11-20 11:35:46,17,18,4367,9589
2023-11-20 11:35:46,17,19,4367,9589
2023-11-20 11:35:57,16,19,4367,9589
2023-11-20 11:35:57,16,18,4367,9589
2023-11-20 11:36:02,17,18,4367,9589
2023-11-20 11:36:03,16,18,4367,9589
2023-11-20 11:36:08,17,18,4367,9589
2023-11-20 11:36:09,16,18,4367,9589
2023-11-20 11:36:41,16,17,4367,9589
2023-11-20 11:36:47,15,17,4367,9589
2023-11-20 11:36:50,16,17,4367,9589
2023-11-20 11:36:51,16,18,4367,9589
2023-11-20 11:36:55,16,17,4367,9589
2023-11-20 11:36:58,16,18,4367,9589
2023-11-20 11:37:20,16,19,4367,9589
2023-11-20 11:37:20,16,18,4367,9589
2023-11-20 11:37:25,17,18,4367,9589
2023-11-20 11:37:27,17,19,4367,9589
2023-11-20 11:37:30,17,18,4367,9589
2023-11-20 11:37:31,16,18,4367,9589
2023-11-20 11:37:33,17,18,4367,9589
2023-11-20 11:37:40,17,19,4367,9589
2023-11-20 11:37:40,16,19,4367,9589
2023-11-20 11:37:40,17,19,4367,9589
2023-11-20 11:37:40,17,18,4367,9589
2023-11-20 11:37:41,16,18,4367,9589
2023-11-20 11:37:44,17,18,4367,9589
2023-11-20 11:38:02,16,18,4367,9589
2023-11-20 11:38:19,15,18,4367,9589
2023-11-20 11:38:20,15,17,4367,9589
2023-11-20 11:39:09,15,16,4367,9589
2023-11-20 11:39:31,15,17,4367,9589
2023-11-20 11:39:31,15,16,4367,9589
2023-11-20 11:39:39,15,17,4367,9589
2023-11-20 11:39:41,15,16,4367,9589
2023-11-20 11:40:04,15,17,4367,9589
2023-11-20 11:40:14,15,16,4367,9589
2023-11-20 11:40:32,15,17,4367,9589
2023-11-20 11:41:08,15,17,4367,9589
2023-11-20 11:41:15,15,16,4367,9589
2023-11-20 11:41:40,15,17,4367,9589
2023-11-20 11:41:48,15,16,4367,9589
2023-11-20 11:41:50,15,17,4367,9589
2023-11-20 11:41:54,15,16,4367,9589
2023-11-20 11:41:57,15,17,4367,9589
2023-11-20 11:42:01,16,17,4367,9589
2023-11-20 11:42:01,16,18,4367,9589
2023-11-20 11:42:01,16,17,4367,9589
2023-11-20 11:42:11,16,18,4367,9589
2023-11-20 11:42:18,16,17,4367,9589
2023-11-20 11:43:10,15,17,4367,9589
2023-11-20 11:43:26,15,16,4367,9589
2023-11-20 11:43:40,15,17,4367,9589
2023-11-20 11:43:40,15,16,4367,9589
2023-11-20 11:43:49,15,17,4367,9589
2023-11-20 11:43:49,15,16,4367,9589
2023-11-20 11:43:54,15,17,4367,9589
2023-11-20 11:43:58,15,16,4367,9589
2023-11-20 11:44:00,15,17,4367,9589
2023-11-20 11:44:04,15,16,4367,9589
2023-11-20 11:44:05,15,17,4367,9589
2023-11-20 11:44:05,15,16,4367,9589
2023-11-20 11:44:08,15,17,4367,9589
2023-11-20 11:44:12,15,16,4367,9589
2023-11-20 11:44:13,15,17,4367,9589
2023-11-20 11:44:15,15,18,4367,9589
2023-11-20 11:44:15,15,17,4367,9589
2023-11-20 11:44:18,15,16,4367,9589
2023-11-20 11:44:20,15,17,4367,9589
2023-11-20 11:44:21,15,16,4367,9589
2023-11-20 11:44:24,15,17,4367,9589
2023-11-20 11:44:28,15,16,4367,9589
2023-11-20 11:44:31,15,17,4367,9589
2023-11-20 11:44:32,15,16,4367,9589
2023-11-20 11:44:32,15,17,4367,9589
2023-11-20 11:44:33,15,16,4367,9589
2023-11-20 11:44:34,15,17,4367,9589
2023-11-20 11:44:34,15,18,4367,9589
2023-11-20 11:44:34,15,16,4367,9589
2023-11-20 11:44:50,15,17,4367,9589
2023-11-20 11:45:02,16,17,4367,9589
2023-11-20 11:45:05,16,18,4367,9589
2023-11-20 11:45:16,17,18,4367,9589
2023-11-20 11:45:19,17,19,4367,9589
2023-11-20 11:45:22,18,19,4367,9589
2023-11-20 11:45:24,17,19,4367,9589
2023-11-20 11:45:33,17,18,4367,9589
2023-11-20 11:45:40,17,19,4367,9589
2023-11-20 11:45:41,17,18,4367,9589
2023-11-20 11:45:43,18,19,4367,9756
2023-11-20 11:45:44,17,19,4367,9756
2023-11-20 11:45:47,18,19,4367,9756
2023-11-20 11:45:58,18,20,4367,9756
2023-11-20 11:46:05,19,20,4367,9756
2023-11-20 11:46:12,19,21,4367,9756
2023-11-20 11:46:14,20,21,4367,9756
2023-11-20 11:46:17,20,22,4367,9756
2023-11-20 11:46:17,20,21,4367,9756
2023-11-20 11:46:43,20,21,4367,9956
2023-11-20 11:46:46,20,22,4367,9956
2023-11-20 11:46:47,20,21,4367,9956
2023-11-20 11:46:47,21,22,4367,10069
2023-11-20 11:46:48,21,23,4367,10069
2023-11-20 11:46:48,21,22,4367,10069
2023-11-20 11:46:58,20,22,4367,10069
2023-11-20 11:46:58,20,23,4367,10069
2023-11-20 11:46:58,20,22,4367,10069
2023-11-20 11:46:58,20,21,4367,10069
2023-11-20 11:47:03,20,22,4367,10069
2023-11-20 11:47:03,20,21,4367,10069
2023-11-20 11:47:04,19,21,4367,10069
2023-11-20 11:47:15,19,22,4367,10069
2023-11-20 11:47:15,19,21,4367,10069
2023-11-20 11:47:17,19,20,4367,10069
2023-11-20 11:47:18,18,20,4367,10069
2023-11-20 11:47:19,19,20,4367,10069
2023-11-20 11:47:22,19,21,4367,10069
2023-11-20 11:47:29,19,20,4367,10069
2023-11-20 11:47:38,19,21,4367,10069
2023-11-20 11:47:41,20,21,4367,10069
2023-11-20 11:47:43,19,21,4367,10069
2023-11-20 11:47:57,19,20,4367,10069
2023-11-20 11:48:00,18,20,4367,10069
2023-11-20 11:48:25,18,21,4367,10069
2023-11-20 11:48:25,18,20,4367,10069
2023-11-20 11:48:52,19,20,4367,10069
2023-11-20 11:48:55,19,22,4367,10069
2023-11-20 11:48:55,19,21,4367,10069
2023-11-20 11:48:55,19,21,4367,10069
2023-11-20 11:48:55,19,20,4367,10069
2023-11-20 11:48:59,19,22,4367,10069
2023-11-20 11:48:59,19,21,4367,10069
2023-11-20 11:48:59,19,20,4367,10069
2023-11-20 11:48:59,19,21,4367,10069
2023-11-20 11:48:59,19,20,4367,10069
2023-11-20 11:49:00,18,20,4367,10069
2023-11-20 11:49:01,19,20,4367,10069
2023-11-20 11:49:02,18,20,4367,10069
2023-11-20 11:49:15,18,21,4367,10069
2023-11-20 11:49:15,18,20,4367,10069
2023-11-20 11:49:21,18,21,4367,10069
2023-11-20 11:49:21,18,20,4367,10069
2023-11-20 11:49:21,18,19,4367,10069
2023-11-20 11:49:22,18,20,4367,10069
2023-11-20 11:49:22,18,19,4367,10069
2023-11-20 11:49:24,18,20,4367,10069
2023-11-20 11:49:31,18,19,4367,10069
2023-11-20 11:49:32,18,20,4367,10069
2023-11-20 11:49:43,19,20,4367,10069
2023-11-20 11:49:44,18,20,4367,10069
2023-11-20 11:49:46,19,20,4367,10069
2023-11-20 11:49:50,18,20,4367,10069
2023-11-20 11:49:56,19,20,4367,10069
2023-11-20 11:49:59,18,20,4367,10069
2023-11-20 11:50:18,18,19,4367,10069
2023-11-20 11:50:18,18,20,4367,10069
2023-11-20 11:50:38,18,21,4367,10069
2023-11-20 11:50:38,18,20,4367,10069
2023-11-20 11:50:38,18,19,4367,10069
2023-11-20 11:50:38,18,20,4367,10069
2023-11-20 11:50:39,18,19,4367,10069
2023-11-20 11:50:40,18,21,4367,10069
2023-11-20 11:50:40,18,20,4367,10069
2023-11-20 11:50:40,18,19,4367,10069
2023-11-20 11:50:40,18,20,4367,10069
2023-11-20 11:50:40,18,19,4367,10069
2023-11-20 11:50:42,18,20,4367,10069
2023-11-20 11:50:47,18,21,4367,10069
2023-11-20 11:50:47,18,20,4367,10069
2023-11-20 11:51:01,18,19,4367,10069
2023-11-20 11:51:02,17,19,4367,10069
2023-11-20 11:51:05,17,20,4367,10069
2023-11-20 11:51:05,17,19,4367,10069
2023-11-20 11:51:18,17,18,4367,10069
2023-11-20 11:51:24,16,18,4367,10069
2023-11-20 11:51:54,17,18,4367,10069
2023-11-20 11:51:55,16,18,4367,10069
2023-11-20 11:52:01,17,18,4367,10069
2023-11-20 11:52:01,16,18,4367,10069
2023-11-20 11:52:13,17,18,4367,10069
2023-11-20 11:52:15,16,18,4367,10069
2023-11-20 11:52:35,15,18,4367,10069
2023-11-20 11:52:41,15,17,4367,10069
2023-11-20 11:52:43,16,17,4367,10069
2023-11-20 11:52:45,15,17,4367,10069
2023-11-20 11:52:53,16,17,4367,10069
2023-11-20 11:52:58,16,18,4367,10069
2023-11-20 11:53:13,16,19,4367,10069
2023-11-20 11:53:13,16,18,4367,10069
2023-11-20 11:53:20,16,19,4367,10069
2023-11-20 11:53:20,16,18,4367,10069
2023-11-20 11:53:28,17,18,4367,10069
2023-11-20 11:53:29,16,18,4367,10069
2023-11-20 11:53:32,17,18,4367,10069
2023-11-20 11:53:40,17,19,4367,10069
2023-11-20 11:53:53,18,19,4367,10069
2023-11-20 11:53:56,17,19,4367,10069
2023-11-20 11:54:19,18,19,4367,10069
2023-11-20 11:54:23,18,20,4367,10069
2023-11-20 11:54:26,18,19,4367,10069
2023-11-20 11:54:27,18,20,4367,10069
2023-11-20 11:54:29,18,19,4367,10069
2023-11-20 11:54:29,17,19,4367,10069
2023-11-20 11:54:30,18,19,4367,10069
2023-11-20 11:54:33,17,19,4367,10069
2023-11-20 11:54:34,18,19,4367,10069
2023-11-20 11:54:35,17,19,4367,10069
2023-11-20 11:54:40,17,20,4367,10069
2023-11-20 11:54:40,17,19,4367,10069
2023-11-20 11:54:41,17,19,4367,10080
2023-11-20 11:54:47,17,20,4367,10080
2023-11-20 11:54:47,17,19,4367,10080
2023-11-20 11:55:10,17,18,4367,10080
2023-11-20 11:55:13,17,19,4367,10080
2023-11-20 11:55:48,17,18,4367,10080
2023-11-20 11:55:54,16,18,4367,10080
2023-11-20 11:55:55,17,18,4367,10080
2023-11-20 11:55:56,16,18,4367,10080
2023-11-20 11:56:13,16,19,4367,10080
2023-11-20 11:56:13,16,18,4367,10080
2023-11-20 11:56:39,16,17,4367,10080
2023-11-20 11:56:39,16,18,4367,10080
2023-11-20 11:56:41,16,17,4367,10080
2023-11-20 11:56:51,16,18,4367,10080
2023-11-20 11:57:14,16,17,4367,10080
2023-11-20 11:57:17,15,17,4367,10080
2023-11-20 11:57:41,16,17,4367,10080
2023-11-20 11:57:50,15,17,4367,10080
2023-11-20 11:57:50,15,18,4367,10080
2023-11-20 11:57:50,16,18,4367,10080
2023-11-20 11:57:50,16,17,4367,10080
2023-11-20 11:58:00,15,17,4367,10080
2023-11-20 11:58:21,16,17,4367,10080
2023-11-20 11:58:30,15,17,4367,10080
2023-11-20 11:58:34,16,17,4367,10080
2023-11-20 11:58:34,15,17,4367,10080
2023-11-20 11:58:34,16,17,4367,10080
2023-11-20 11:58:36,16,18,4367,10080
2023-11-20 11:58:37,15,18,4367,10080
2023-11-20 11:58:37,16,18,4367,10080
2023-11-20 11:58:40,16,17,4367,10080
2023-11-20 11:58:43,16,18,4367,10080
2023-11-20 11:58:43,15,18,4367,10080
2023-11-20 11:58:43,15,17,4367,10080
2023-11-20 11:58:43,16,17,4367,10080
2023-11-20 11:58:44,15,17,4367,10080
2023-11-20 11:58:44,15,18,4367,10080
2023-11-20 11:58:44,16,18,4367,10080
2023-11-20 11:58:44,16,17,4367,10080
2023-11-20 11:58:45,16,18,4367,10080
2023-11-20 11:58:45,16,17,4367,10080
2023-11-20 11:58:48,16,18,4367,10080
2023-11-20 11:58:51,16,17,4367,10080
2023-11-20 11:58:53,16,18,4367,10080
2023-11-20 11:58:54,16,17,4367,10080
2023-11-20 11:59:03,15,17,4367,10080
2023-11-20 11:59:03,15,18,4367,10080
2023-11-20 11:59:03,16,18,4367,10080
2023-11-20 11:59:03,16,17,4367,10080
2023-11-20 11:59:06,16,18,4367,10080
2023-11-20 11:59:13,16,17,4367,10080
2023-11-20 11:59:15,15,17,4367,10080
2023-11-20 11:59:15,15,18,4367,10080
2023-11-20 11:59:15,16,18,4367,10080
2023-11-20 11:59:15,16,17,4367,10080
2023-11-20 11:59:18,16,18,4367,10080
2023-11-20 11:59:18,15,18,4367,10080
2023-11-20 11:59:18,16,18,4367,10080
2023-11-20 11:59:18,16,17,4367,10080
2023-11-20 11:59:21,15,17,4367,10080
2023-11-20 11:59:29,16,17,4367,10080
2023-11-20 11:59:34,15,17,4367,10080
2023-11-20 11:59:34,16,17,4367,10080
2023-11-20 11:59:54,16,18,4367,10080
2023-11-20 11:59:59,16,17,4367,10080
2023-11-20 12:00:00,16,18,4367,10080
2023-11-20 12:00:22,17,18,4367,10080
2023-11-20 12:00:23,17,19,4367,10080
2023-11-20 12:00:32,17,20,4367,10080
2023-11-20 12:00:38,17,19,4367,10080
2023-11-20 12:01:23,18,19,4367,10080
2023-11-20 12:01:23,18,20,4367,10080
2023-11-20 12:01:33,17,20,4367,10080
2023-11-20 12:01:33,18,20,4367,10080
2023-11-20 12:01:37,18,19,4367,10080
2023-11-20 12:01:41,18,20,4367,10080
2023-11-20 12:01:42,18,19,4367,10080
2023-11-20 12:01:43,18,20,4367,10080
2023-11-20 12:01:45,18,19,4367,10080
2023-11-20 12:01:47,18,20,4367,10080
2023-11-20 12:01:49,19,20,4367,10080
2023-11-20 12:01:59,18,20,4367,10080
2023-11-20 12:02:02,18,19,4367,10080
2023-11-20 12:02:10,18,20,4367,10080
2023-11-20 12:02:14,18,19,4367,10080
2023-11-20 12:02:16,18,20,4367,10080
2023-11-20 12:02:20,19,20,4367,10080
2023-11-20 12:02:33,18,20,4367,10080
2023-11-20 12:02:34,19,20,4367,10080
2023-11-20 12:02:35,18,20,4367,10080
2023-11-20 12:02:37,19,20,4367,10080
2023-11-20 12:02:38,18,20,4367,10080
2023-11-20 12:02:38,18,21,4367,10080
2023-11-20 12:02:38,18,20,4367,10080
2023-11-20 12:02:54,18,19,4367,10080
2023-11-20 12:02:56,18,20,4367,10080
2023-11-20 12:02:56,18,19,4367,10080
2023-11-20 12:03:01,17,19,4367,10080
2023-11-20 12:03:09,18,19,4367,10080
2023-11-20 12:03:14,18,20,4367,10080
2023-11-20 12:03:23,18,19,4367,10080
2023-11-20 12:03:31,18,20,4367,10080
2023-11-20 12:03:31,18,19,4367,10080
2023-11-20 12:03:33,17,19,4367,10080
2023-11-20 12:03:42,17,20,4367,10080
2023-11-20 12:03:52,17,18,4367,10080
2023-11-20 12:03:53,16,18,4367,10080
2023-11-20 12:04:00,17,18,4367,10080
2023-11-20 12:04:00,16,18,4367,10080
2023-11-20 12:04:01,17,18,4367,10080
2023-11-20 12:04:01,16,18,4367,10080
2023-11-20 12:04:02,17,18,4367,10080
2023-11-20 12:04:04,16,18,4367,10080
2023-11-20 12:04:04,16,19,4367,10080
2023-11-20 12:04:04,16,18,4367,10080
2023-11-20 12:04:08,17,18,4367,10080
2023-11-20 12:04:15,16,18,4367,10080
2023-11-20 12:04:15,17,19,4367,10080
2023-11-20 12:04:15,17,18,4367,10080
2023-11-20 12:04:18,17,19,4367,10080
2023-11-20 12:04:18,16,19,4367,10080
2023-11-20 12:04:25,16,20,4367,10080
2023-11-20 12:04:26,16,19,4367,10080
2023-11-20 12:04:46,15,19,4367,10080
2023-11-20 12:04:46,15,18,4367,10080
2023-11-20 12:05:15,16,18,4367,10080
2023-11-20 12:05:20,16,19,4367,10080
2023-11-20 12:05:37,16,18,4367,10080
2023-11-20 12:05:39,15,18,4367,10080
2023-11-20 12:05:44,16,18,4367,10080
2023-11-20 12:05:49,15,18,4367,10080
2023-11-20 12:05:52,16,18,4367,10080
2023-11-20 12:05:55,15,18,4367,10080
2023-11-20 12:07:01,15,17,4367,10080
2023-11-20 12:07:07,15,16,4367,10080
2023-11-20 12:07:14,15,16,4567,10280
2023-11-20 12:07:16,14,15,4617,10330
2023-11-20 12:07:20,14,16,4617,10330
2023-11-20 12:07:35,14,15,4617,10330
2023-11-20 12:07:47,14,16,4617,10330
2023-11-20 12:07:57,14,15,4617,10330
2023-11-20 12:07:59,14,16,4617,10330
2023-11-20 12:08:09,14,15,4617,10330
2023-11-20 12:10:28,14,15,4649,10362
2023-11-20 12:10:35,13,15,4649,10430
2023-11-20 12:10:36,13,14,4649,10430
2023-11-20 12:11:21,13,14,4665,10446
2023-11-20 12:11:27,12,13,4849,10630
2023-11-20 12:11:28,12,14,4849,10630
2023-11-20 12:12:26,12,13,4849,10630
2023-11-20 12:12:36,12,13,4909,10690
2023-11-20 12:12:40,11,13,4599,11190
2023-11-20 12:12:41,11,12,4599,11190
2023-11-20 12:12:49,10,12,4509,11780
2023-11-20 12:13:22,10,11,4509,11780
2023-11-20 12:13:25,9,11,4509,11780
2023-11-20 12:13:35,10,11,4509,11780
2023-11-20 12:13:42,9,11,4509,11780
2023-11-20 12:13:48,10,11,4509,11780
2023-11-20 12:13:57,9,11,4509,11780
2023-11-20 12:14:11,9,12,4509,11780
2023-11-20 12:14:22,9,11,4509,11780
2023-11-20 12:15:07,9,11,4509,11923
2023-11-20 12:15:16,9,10,4509,11923
2023-11-20 12:15:19,9,10,4517,11931
2023-11-20 12:15:42,8,9,4759,12173
2023-11-20 12:16:02,8,9,5009,12423
2023-11-20 12:16:04,8,9,5259,12673
2023-11-20 12:16:23,8,9,5259,12873
2023-11-20 12:16:26,8,9,5386,13073
2023-11-20 12:16:30,8,11,5386,13073
2023-11-20 12:16:37,8,10,5386,13073
2023-11-20 12:16:38,9,10,5386,13073
2023-11-20 12:18:07,9,10,5636,13323
2023-11-20 12:18:11,9,10,5836,13523
2023-11-20 12:18:25,9,10,6086,13773
2023-11-20 12:18:28,9,12,6244,13931
2023-11-20 12:18:31,10,12,6244,13931
2023-11-20 12:18:48,9,12,6244,13931
2023-11-20 12:19:23,9,11,6244,13931
2023-11-20 12:20:13,9,12,6244,13931
2023-11-20 12:20:24,10,12,6244,13931
2023-11-20 12:20:28,9,12,6244,13931
2023-11-20 12:20:30,10,12,6244,13931
2023-11-20 12:20:45,9,12,6244,13931
2023-11-20 12:20:51,10,12,6244,13931
2023-11-20 12:21:08,9,12,6244,13931
2023-11-20 12:21:10,10,12,6244,13931
2023-11-20 12:21:12,9,12,6244,13931
2023-11-20 12:21:14,10,12,6244,13931
2023-11-20 12:21:30,10,13,6244,13931
2023-11-20 12:21:30,11,13,6244,13931
2023-11-20 12:23:57,11,12,6244,13931
2023-11-20 12:24:14,11,13,6244,13931
2023-11-20 12:24:14,11,14,6244,13931
2023-11-20 12:24:14,11,13,6244,13931
2023-11-20 12:24:19,11,12,6244,13931
2023-11-20 12:24:29,10,12,6244,13931
2023-11-20 12:25:01,11,12,6244,13931
2023-11-20 12:25:29,10,12,6244,13931
2023-11-20 12:25:53,10,13,6244,13931
2023-11-20 12:25:53,10,14,6244,13931
2023-11-20 12:25:53,11,14,6244,13931
2023-11-20 12:25:53,11,13,6244,13931
2023-11-20 12:26:00,11,14,6244,13931
2023-11-20 12:26:00,10,14,6244,13931
2023-11-20 12:26:00,10,13,6244,13931
2023-11-20 12:26:00,10,12,6244,13931
2023-11-20 12:27:08,11,12,6244,13931
2023-11-20 12:27:22,10,12,6244,13931
2023-11-20 12:28:28,9,12,6244,13931
2023-11-20 12:28:38,10,12,6244,13931
2023-11-20 12:28:39,9,12,6244,13931
2023-11-20 12:28:39,9,11,6244,13931
2023-11-20 12:28:55,9,12,6244,13931
2023-11-20 12:28:55,10,12,6244,13931
2023-11-20 12:28:55,10,13,6244,13931
2023-11-20 12:28:55,10,12,6244,13931
2023-11-20 12:29:00,9,12,6244,13931
2023-11-20 12:29:02,10,12,6244,13931
2023-11-20 12:29:19,9,12,6244,13931
2023-11-20 12:29:21,9,11,6244,13931
2023-11-20 12:29:32,10,11,6244,13931
2023-11-20 12:29:34,10,13,6244,13931
2023-11-20 12:29:34,10,12,6244,13931
2023-11-20 12:29:44,10,13,6244,13931
2023-11-20 12:29:44,9,13,6244,13931
2023-11-20 12:29:44,9,12,6244,13931
2023-11-20 12:29:44,9,11,6244,13931
2023-11-20 12:29:51,10,11,6244,13931
2023-11-20 12:29:53,10,13,6244,13931
2023-11-20 12:29:53,10,12,6244,13931
2023-11-20 12:30:22,11,12,6244,13931
2023-11-20 12:30:29,11,14,6244,13931
2023-11-20 12:30:29,11,13,6244,13931
2023-11-20 12:30:34,11,13,6244,14181
2023-11-20 12:30:40,12,13,6244,14181
2023-11-20 12:30:41,12,14,6244,14181
2023-11-20 12:31:10,13,14,6244,14181
2023-11-20 12:31:11,13,15,6244,14288
2023-11-20 12:31:35,13,16,6244,14488
2023-11-20 12:31:36,14,16,6244,14488
2023-11-20 12:31:44,13,16,6244,14488
2023-11-20 12:31:52,12,16,6244,14488
2023-11-20 12:31:52,12,15,6244,14488
2023-11-20 12:32:08,12,14,6244,14488
2023-11-20 12:32:24,12,15,6244,14488
2023-11-20 12:32:31,12,14,6244,14488
2023-11-20 12:32:34,12,15,6244,14488
2023-11-20 12:32:39,12,14,6244,14488
2023-11-20 12:32:45,11,14,6244,14488
2023-11-20 12:32:58,11,13,6244,14488
2023-11-20 12:33:01,11,14,6244,14488
2023-11-20 12:33:24,12,14,6244,14488
2023-11-20 12:33:32,11,14,6244,14488
2023-11-20 12:34:04,11,13,6244,14488
2023-11-20 12:34:14,10,13,6244,14488
2023-11-20 12:34:28,10,12,6244,14488
2023-11-20 12:34:53,10,13,6244,14488
2023-11-20 12:35:06,11,13,6244,14488
2023-11-20 12:35:55,11,14,6244,14488
2023-11-20 12:36:05,11,13,6244,14488
2023-11-20 12:36:06,11,14,6244,14488
2023-11-20 12:36:10,11,14,6244,14538
2023-11-20 12:36:25,11,13,6244,14538
2023-11-20 12:36:32,10,13,6244,14538
2023-11-20 12:36:40,11,13,6244,14538
2023-11-20 12:36:44,10,13,6244,14538
2023-11-20 12:36:54,11,13,6244,14538
2023-11-20 12:36:56,11,14,6244,14538
2023-11-20 12:37:11,12,14,6244,14538
2023-11-20 12:37:24,11,14,6244,14538
2023-11-20 12:37:29,11,13,6244,14538
2023-11-20 12:37:30,10,13,6244,14538
2023-11-20 12:37:31,11,13,6244,14538
2023-11-20 12:37:46,10,13,6244,14538
2023-11-20 12:38:42,11,13,6244,14538
2023-11-20 12:38:42,12,13,6244,14538
2023-11-20 12:39:14,11,13,6244,14538
2023-11-20 12:39:14,10,13,6244,14538
2023-11-20 12:39:14,12,13,6244,14538
2023-11-20 12:39:16,12,13,6167,14738
2023-11-20 12:39:33,10,13,6167,14738
2023-11-20 12:39:33,12,13,6167,14738
2023-11-20 12:39:33,11,13,6167,14738
2023-11-20 12:39:33,12,13,6167,14738
2023-11-20 12:40:34,12,14,6167,14738
2023-11-20 12:40:34,13,14,6167,14738
2023-11-20 12:40:34,12,14,6167,14884
2023-11-20 12:40:34,13,14,6167,14884
2023-11-20 12:40:36,13,14,6167,14944
2023-11-20 12:41:17,13,15,6167,14944
2023-11-20 12:41:22,12,15,6167,14944
2023-11-20 12:41:22,13,15,6167,14944
2023-11-20 12:41:41,12,15,6167,14944
2023-11-20 12:41:41,13,15,6167,14944
2023-11-20 12:42:22,14,15,6167,14944
2023-11-20 12:42:22,14,15,6167,15004
2023-11-20 12:42:22,13,15,6167,15004
2023-11-20 12:42:23,12,15,6167,15004
2023-11-20 12:42:23,13,15,6167,15004
2023-11-20 12:42:23,14,15,6167,15004
2023-11-20 12:42:29,14,16,6167,15004
2023-11-20 12:42:30,14,15,6167,15004
2023-11-20 12:42:37,13,15,6167,15004
2023-11-20 12:42:40,14,15,6167,15004
2023-11-20 12:42:42,13,15,6167,15004
2023-11-20 12:42:55,12,15,6167,15004
2023-11-20 12:42:55,13,15,6167,15004
2023-11-20 12:43:53,12,15,6167,15004
2023-11-20 12:43:53,13,15,6167,15004
2023-11-20 12:43:54,12,15,6167,15004
2023-11-20 12:43:54,13,15,6167,15004
2023-11-20 12:44:19,12,15,6167,15004
2023-11-20 12:44:19,13,15,6167,15004
2023-11-20 12:44:38,13,14,6167,15004
2023-11-20 12:44:42,12,14,6167,15004
2023-11-20 12:44:42,13,14,6167,15004
2023-11-20 12:44:43,12,14,6167,15004
2023-11-20 12:44:46,13,14,6167,15004
2023-11-20 12:45:02,13,15,6167,15004
2023-11-20 12:45:17,14,15,6167,15004
2023-11-20 12:45:18,14,16,6167,15004
2023-11-20 12:45:19,14,15,6167,15004
2023-11-20 12:45:20,14,16,6167,15004
2023-11-20 12:45:22,14,15,6167,15004
2023-11-20 12:45:25,14,16,6167,15004
2023-11-20 12:45:26,14,15,6167,15004
2023-11-20 12:45:31,14,16,6167,15004
2023-11-20 12:46:13,15,16,6167,15004
2023-11-20 12:46:13,15,16,6167,15064
2023-11-20 12:46:22,14,16,6167,15064
2023-11-20 12:46:32,13,16,6167,15064
2023-11-20 12:46:32,14,16,6167,15064
2023-11-20 12:46:35,13,16,6167,15064
2023-11-20 12:46:38,14,16,6167,15064
2023-11-20 12:46:39,14,15,6167,15064
2023-11-20 12:46:39,13,15,6167,15064
2023-11-20 12:46:43,13,16,6167,15064
2023-11-20 12:46:43,14,16,6167,15064
2023-11-20 12:46:48,13,16,6167,15064
2023-11-20 12:46:48,14,16,6167,15064
2023-11-20 12:46:52,13,16,6167,15064
2023-11-20 12:46:52,14,16,6167,15064
2023-11-20 12:47:05,14,15,6167,15064
2023-11-20 12:47:05,14,16,6167,15064
2023-11-20 12:47:07,14,15,6167,15064
2023-11-20 12:47:16,14,16,6167,15064
2023-11-20 12:47:36,13,16,6167,15064
2023-11-20 12:47:36,14,16,6167,15064
2023-11-20 12:47:47,14,15,6167,15064
2023-11-20 12:47:48,14,16,6167,15064
2023-11-20 12:47:55,14,15,6167,15064
2023-11-20 12:47:57,14,16,6167,15064
2023-11-20 12:48:00,14,15,6167,15064
2023-11-20 12:48:06,13,15,6167,15064
2023-11-20 12:48:07,12,15,6167,15064
2023-11-20 12:48:07,13,15,6167,15064
2023-11-20 12:48:14,12,15,6167,15064
2023-11-20 12:48:14,13,15,6167,15064
2023-11-20 12:48:43,13,14,6167,15064
2023-11-20 12:48:45,12,14,6167,15064
2023-11-20 12:48:45,13,14,6167,15064
2023-11-20 12:49:01,13,15,6167,15064
2023-11-20 12:49:03,13,14,6167,15064
2023-11-20 12:49:05,13,15,6167,15064
2023-11-20 12:49:09,12,15,6167,15064
2023-11-20 12:49:09,13,15,6167,15064
2023-11-20 12:49:25,13,14,6167,15064
2023-11-20 12:49:45,13,15,6167,15064
2023-11-20 12:50:02,13,14,6167,15064
2023-11-20 12:50:03,13,15,6167,15064
2023-11-20 12:50:05,13,14,6167,15064
2023-11-20 12:50:09,13,15,6167,15064
2023-11-20 12:50:29,13,14,6167,15064
2023-11-20 12:50:33,13,15,6167,15064
2023-11-20 12:50:54,12,15,6167,15064
2023-11-20 12:50:54,13,15,6167,15064
2023-11-20 12:51:00,14,15,6167,15064
2023-11-20 12:51:01,14,16,6167,15064
2023-11-20 12:51:05,14,15,6167,15064
2023-11-20 12:51:05,13,15,6167,15064
2023-11-20 12:51:05,14,15,6167,15064
2023-11-20 12:51:18,14,16,6167,15064
2023-11-20 12:51:18,14,15,6167,15064
2023-11-20 12:51:19,14,16,6167,15064
2023-11-20 12:51:21,13,16,6167,15064
2023-11-20 12:51:21,14,16,6167,15064
2023-11-20 12:51:21,14,15,6167,15064
2023-11-20 12:51:28,14,16,6167,15064
2023-11-20 12:51:31,14,15,6167,15064
2023-11-20 12:51:50,14,16,6167,15064
2023-11-20 12:51:58,14,15,6167,15064
2023-11-20 12:52:04,13,15,6167,15064
2023-11-20 12:52:10,14,15,6167,15064
2023-11-20 12:52:13,13,15,6167,15064
2023-11-20 12:52:13,12,15,6167,15064
2023-11-20 12:52:13,13,15,6167,15064
2023-11-20 12:52:20,14,16,6167,15064
2023-11-20 12:52:39,13,16,6167,15064
2023-11-20 12:52:39,14,16,6167,15064
2023-11-20 12:53:09,13,16,6167,15064
2023-11-20 12:53:09,14,16,6167,15064
2023-11-20 12:53:21,13,16,6167,15064
2023-11-20 12:53:21,14,16,6167,15064
2023-11-20 12:53:37,14,15,6167,15064
2023-11-20 12:53:45,13,15,6167,15064
2023-11-20 12:54:02,13,14,6167,15064
2023-11-20 12:54:09,12,14,6167,15064
2023-11-20 12:54:09,13,14,6167,15064
2023-11-20 12:54:15,13,15,6167,15064
2023-11-20 12:54:20,13,14,6167,15064
2023-11-20 12:54:21,13,15,6167,15064
2023-11-20 12:54:39,14,15,6167,15064
2023-11-20 12:54:39,14,15,6167,15124
2023-11-20 12:54:39,13,15,6167,15124
2023-11-20 12:54:40,14,15,6167,15124
2023-11-20 12:54:49,13,15,6167,15124
2023-11-20 12:54:49,14,15,6167,15124
2023-11-20 12:55:10,13,15,6167,15124
2023-11-20 12:55:15,14,15,6167,15124
2023-11-20 12:55:18,13,15,6167,15124
2023-11-20 12:55:26,13,14,6167,15124
2023-11-20 12:55:43,13,15,6167,15124
2023-11-20 12:55:44,13,14,6167,15124
2023-11-20 12:55:47,13,15,6167,15124
2023-11-20 12:55:51,13,14,6167,15124
2023-11-20 12:55:57,13,15,6167,15124
2023-11-20 12:56:04,13,14,6167,15124
2023-11-20 12:56:36,12,14,6167,15124
2023-11-20 12:56:36,13,14,6167,15124
2023-11-20 12:56:57,13,15,6167,15124
2023-11-20 12:57:02,14,15,6167,15124
2023-11-20 12:57:04,14,16,6167,15124
2023-11-20 12:57:11,13,16,6167,15124
2023-11-20 12:57:11,14,16,6167,15124
2023-11-20 12:57:22,14,15,6167,15124
2023-11-20 12:57:30,13,15,6167,15124
2023-11-20 12:57:30,14,15,6167,15124
2023-11-20 12:57:33,13,15,6167,15124
2023-11-20 12:57:33,14,15,6167,15124
2023-11-20 12:57:34,14,16,6167,15124
2023-11-20 12:57:34,13,16,6167,15124
2023-11-20 12:57:34,14,16,6167,15124
2023-11-20 12:57:34,14,15,6167,15124
2023-11-20 12:57:34,14,16,6167,15124
2023-11-20 12:57:38,13,16,6167,15124
2023-11-20 12:57:38,14,16,6167,15124
2023-11-20 12:57:48,14,15,6167,15124
2023-11-20 12:57:49,14,16,6167,15124
2023-11-20 12:57:54,14,15,6167,15124
2023-11-20 12:58:01,14,16,6167,15124
2023-11-20 12:58:04,14,15,6167,15124
2023-11-20 12:58:06,13,15,6167,15124
2023-11-20 12:58:14,14,15,6167,15124
2023-11-20 12:58:16,13,15,6167,15124
2023-11-20 12:58:26,13,14,6167,15124
2023-11-20 12:58:29,13,15,6167,15124
2023-11-20 12:58:55,12,15,6167,15124
2023-11-20 12:58:55,13,15,6167,15124
2023-11-20 12:59:01,12,15,6167,15124
2023-11-20 12:59:01,13,15,6167,15124
2023-11-20 12:59:06,14,15,6167,15124
2023-11-20 12:59:08,14,16,6167,15124
2023-11-20 12:59:50,13,16,6167,15124
2023-11-20 12:59:50,14,16,6167,15124
2023-11-20 12:59:59,15,16,6167,15124
2023-11-20 13:00:01,14,16,6167,15124
2023-11-20 13:01:25,14,15,6167,15124
2023-11-20 13:01:27,13,15,6167,15124
2023-11-20 13:01:35,13,16,6167,15124
2023-11-20 13:01:36,13,15,6167,15124
2023-11-20 13:01:39,14,15,6167,15124
2023-11-20 13:01:50,13,15,6167,15124
2023-11-20 13:01:50,12,14,6167,15124
2023-11-20 13:01:56,11,14,6167,15124
2023-11-20 13:01:56,11,12,6167,15124
2023-11-20 13:01:57,10,12,6167,15124
2023-11-20 13:01:57,10,11,6167,15124
2023-11-20 13:01:57,10,11,6179,15136
2023-11-20 13:02:13,10,11,6179,15336
2023-11-20 13:02:20,10,11,6179,15736
2023-11-20 13:02:27,9,11,6179,15736
2023-11-20 13:02:27,9,10,6179,15736
2023-11-20 13:02:28,9,11,6179,15736
2023-11-20 13:02:34,9,10,6179,15736
2023-11-20 13:02:39,9,11,6179,15736
2023-11-20 13:02:43,9,10,6179,15736
2023-11-20 13:02:48,8,10,6679,16392
2023-11-20 13:02:48,9,10,6679,16392
2023-11-20 13:02:53,8,10,6679,16392
2023-11-20 13:02:53,9,10,6679,16392
2023-11-20 13:02:53,8,10,6679,16392
2023-11-20 13:02:59,9,10,6679,16392
2023-11-20 13:02:59,8,10,6679,16392
2023-11-20 13:03:00,9,10,6679,16392
2023-11-20 13:03:01,8,9,6735,16563
2023-11-20 13:03:10,7,9,6735,16563
2023-11-20 13:03:12,7,10,6735,16563
2023-11-20 13:03:12,7,8,6735,16563
2023-11-20 13:03:12,6,8,6735,16563
2023-11-20 13:03:17,6,7,6735,16563
2023-11-20 13:03:29,5,7,6735,16813
2023-11-20 13:03:29,5,6,6735,16813
2023-11-20 13:03:35,4,6,6735,16813
2023-11-20 13:03:46,4,5,6735,16813
2023-11-20 13:03:47,4,5,6915,16993
2023-11-20 13:03:50,3,4,6985,17063
2023-11-20 13:03:50,3,4,7285,17363
2023-11-20 13:03:51,3,5,7285,17363
2023-11-20 13:03:52,3,4,7285,17363
2023-11-20 13:04:10,3,5,7285,17363
2023-11-20 13:04:17,3,4,7285,17363
2023-11-20 13:04:38,3,5,7285,17363
2023-11-20 13:04:51,3,4,7285,17363
2023-11-20 13:04:57,3,4,7345,17423
2023-11-20 13:08:03,3,4,7545,17623
2023-11-20 13:08:19,3,4,7551,17629
2023-11-20 13:08:33,3,4,7801,17879
2023-11-20 13:08:33,2,4,7801,17879
2023-11-20 13:08:33,2,3,7801,17879
2023-11-20 13:08:33,2,3,7801,18077
2023-11-20 13:08:42,0,3,7801,18077
2023-11-20 13:08:44,0,2,7801,18077
2023-11-20 13:09:25,0,3,7801,18391
2023-11-20 13:10:55,1,3,7801,18391
2023-11-20 13:10:56,0,3,7801,18391
2023-11-20 13:10:57,1,3,7801,18391
2023-11-20 13:11:12,0,3,7801,18391
2023-11-20 13:11:13,1,3,7801,18391
2023-11-20 13:11:45,0,3,7801,18391
2023-11-20 13:12:48,1,3,7801,18391
2023-11-20 13:12:48,1,2,7801,18391
2023-11-20 13:13:01,1,3,7801,18391
2023-11-20 13:13:12,0,3,7801,18391
2023-11-20 13:14:27,1,3,7801,18391
2023-11-20 13:14:27,1,2,7801,18391
2023-11-20 13:14:28,0,2,7801,18391
2023-11-20 13:14:32,0,3,7801,18391
2023-11-20 13:14:44,1,3,7801,18391
2023-11-20 13:14:50,0,3,7801,18391
2023-11-20 13:14:51,1,3,7801,18391
2023-11-20 13:14:52,0,3,7801,18391
2023-11-20 13:14:53,1,3,7801,18391
2023-11-20 13:14:56,0,3,7801,18391
2023-11-20 13:14:58,1,3,7801,18391
2023-11-20 13:15:05,0,3,7801,18391
2023-11-20 13:15:09,1,3,7801,18391
2023-11-20 13:57:14,1,2,7801,18391
2023-11-20 14:00:00,0,2,7801,18391
2023-11-20 14:14:21,0,3,8001,18591
2023-11-20 14:57:28,1,3,8001,18591
2023-11-20 14:57:28,1,2,8001,18591
2023-11-20 14:57:29,0,2,8001,18596
2023-11-20 15:07:39,0,1,8001,18596
2023-11-20 15:08:18,0,2,8001,18596
2023-11-20 15:14:13,0,2,8001,18695
2023-11-20 15:17:28,0,1,8001,18695
2023-11-20 15:19:44,0,2,8001,18715
2023-11-20 15:42:46,0,1,8001,18715
