datetime,bid,ask,open_interest,volume
2023-08-30 09:30:08,10,99,79,79
2023-08-30 09:30:09,10,100,79,79
2023-08-30 09:30:15,10,99,79,79
2023-08-30 09:30:19,10,100,79,79
2023-08-30 09:30:39,10,37,79,79
2023-08-30 09:30:45,15,37,79,79
2023-08-30 09:31:00,15,18,79,79
2023-08-30 09:31:00,15,17,79,79
2023-08-30 09:31:03,15,18,79,79
2023-08-30 09:31:10,16,18,79,79
2023-08-30 09:31:11,15,18,79,79
2023-08-30 09:31:12,16,18,79,79
2023-08-30 09:31:28,15,19,79,79
2023-08-30 09:31:33,16,19,79,79
2023-08-30 09:31:34,15,19,79,79
2023-08-30 09:31:35,16,19,79,79
2023-08-30 09:31:36,15,19,79,79
2023-08-30 09:31:40,16,19,79,79
2023-08-30 09:31:41,15,19,79,79
2023-08-30 09:31:42,16,19,79,79
2023-08-30 09:31:46,15,19,79,79
2023-08-30 09:31:47,15,18,79,79
2023-08-30 09:31:48,15,19,79,79
2023-08-30 09:31:48,16,19,79,79
2023-08-30 09:31:51,15,19,79,79
2023-08-30 09:31:52,16,19,79,79
2023-08-30 09:31:55,15,19,79,79
2023-08-30 09:31:57,16,19,79,79
2023-08-30 09:32:04,15,19,79,79
2023-08-30 09:32:04,15,18,79,79
2023-08-30 09:32:05,16,18,79,79
2023-08-30 09:32:06,16,19,79,79
2023-08-30 09:32:08,17,19,79,79
2023-08-30 09:32:09,17,20,79,79
2023-08-30 09:32:46,18,20,79,79
2023-08-30 09:32:47,18,21,79,79
2023-08-30 09:32:57,18,22,79,79
2023-08-30 09:33:01,18,21,79,79
2023-08-30 09:33:05,18,22,79,79
2023-08-30 09:33:08,18,21,79,79
2023-08-30 09:33:37,17,21,79,79
2023-08-30 09:33:38,17,20,79,79
2023-08-30 09:33:42,17,19,79,79
2023-08-30 09:33:43,16,19,79,79
2023-08-30 09:33:44,16,18,79,79
2023-08-30 09:33:53,16,19,79,79
2023-08-30 09:34:07,17,19,79,79
2023-08-30 09:34:07,17,20,79,79
2023-08-30 09:34:14,17,19,79,79
2023-08-30 09:34:14,16,19,79,79
2023-08-30 09:34:16,17,19,79,79
2023-08-30 09:34:17,16,19,79,79
2023-08-30 09:34:25,17,19,79,79
2023-08-30 09:34:33,17,20,79,79
2023-08-30 09:34:42,18,20,79,79
2023-08-30 09:34:42,18,21,79,79
2023-08-30 09:34:53,17,21,79,79
2023-08-30 09:34:53,17,20,79,79
2023-08-30 09:34:55,18,20,79,79
2023-08-30 09:34:57,18,21,79,79
2023-08-30 09:35:09,19,21,79,79
2023-08-30 09:35:09,19,22,79,79
2023-08-30 09:35:19,19,21,79,79
2023-08-30 09:35:21,18,21,79,79
2023-08-30 09:35:23,19,21,79,79
2023-08-30 09:35:24,18,21,79,79
2023-08-30 09:35:48,18,20,79,79
2023-08-30 09:35:57,17,20,79,79
2023-08-30 09:35:59,17,19,79,79
2023-08-30 09:36:03,16,19,79,79
2023-08-30 09:36:12,16,18,79,79
2023-08-30 09:36:16,15,18,79,79
2023-08-30 09:36:22,15,17,79,79
2023-08-30 09:36:58,15,16,79,79
2023-08-30 09:37:01,15,16,189,189
2023-08-30 09:37:01,15,16,299,299
2023-08-30 09:37:15,14,16,329,329
2023-08-30 09:37:16,14,17,329,329
2023-08-30 09:37:17,14,16,329,329
2023-08-30 09:37:31,14,17,329,329
2023-08-30 09:37:32,14,16,329,329
2023-08-30 09:37:41,14,17,329,329
2023-08-30 09:37:43,14,16,329,329
2023-08-30 09:37:55,14,17,329,329
2023-08-30 09:38:01,15,17,329,329
2023-08-30 09:38:04,14,17,329,329
2023-08-30 09:38:05,15,17,329,329
2023-08-30 09:38:10,15,18,329,329
2023-08-30 09:38:58,16,18,329,329
2023-08-30 09:39:00,15,18,329,329
2023-08-30 09:39:03,16,18,329,329
2023-08-30 09:39:05,15,18,329,329
2023-08-30 09:39:06,16,18,329,329
2023-08-30 09:39:23,16,19,329,329
2023-08-30 09:39:35,17,19,329,329
2023-08-30 09:39:39,16,19,329,329
2023-08-30 09:39:49,17,19,329,329
2023-08-30 09:40:01,17,20,329,329
2023-08-30 09:40:07,17,19,329,329
2023-08-30 09:40:08,16,19,329,329
2023-08-30 09:40:17,16,18,329,329
2023-08-30 09:40:17,15,18,329,329
2023-08-30 09:40:19,16,18,329,329
2023-08-30 09:40:20,16,19,329,329
2023-08-30 09:40:28,16,18,329,329
2023-08-30 09:40:29,15,18,329,329
2023-08-30 09:40:30,15,19,329,329
2023-08-30 09:40:30,16,19,329,329
2023-08-30 09:40:31,16,18,329,329
2023-08-30 09:40:32,15,18,329,329
2023-08-30 09:41:16,15,17,329,329
2023-08-30 09:41:16,14,17,329,329
2023-08-30 09:41:27,15,17,329,329
2023-08-30 09:41:31,15,18,329,329
2023-08-30 09:41:42,15,17,329,329
2023-08-30 09:41:47,15,18,329,329
2023-08-30 09:42:19,16,18,329,329
2023-08-30 09:42:19,16,19,329,329
2023-08-30 09:42:25,16,18,329,329
2023-08-30 09:42:25,15,18,329,329
2023-08-30 09:42:36,16,18,329,329
2023-08-30 09:42:36,16,19,329,329
2023-08-30 09:42:37,15,19,329,329
2023-08-30 09:42:37,15,18,329,329
2023-08-30 09:42:38,15,19,329,329
2023-08-30 09:42:38,16,19,329,329
2023-08-30 09:43:15,17,19,329,329
2023-08-30 09:43:15,17,20,329,329
2023-08-30 09:43:16,17,19,329,329
2023-08-30 09:43:18,16,19,329,329
2023-08-30 09:43:20,16,20,329,329
2023-08-30 09:43:21,17,20,329,329
2023-08-30 09:43:40,17,19,329,329
2023-08-30 09:43:40,16,19,329,329
2023-08-30 09:43:42,17,19,329,329
2023-08-30 09:43:42,17,20,329,329
2023-08-30 09:43:43,16,20,329,329
2023-08-30 09:43:43,16,19,329,329
2023-08-30 09:43:57,16,18,329,329
2023-08-30 09:44:07,16,19,329,329
2023-08-30 09:44:08,16,18,329,329
2023-08-30 09:44:27,17,18,329,329
2023-08-30 09:44:34,17,20,329,329
2023-08-30 09:44:35,17,19,329,329
2023-08-30 09:44:50,17,18,329,329
2023-08-30 09:44:51,17,19,329,329
2023-08-30 09:44:56,17,18,329,329
2023-08-30 09:44:58,16,18,329,329
2023-08-30 09:45:03,16,19,329,329
2023-08-30 09:45:04,16,18,329,329
2023-08-30 09:45:10,17,18,329,329
2023-08-30 09:45:10,17,19,329,329
2023-08-30 09:45:11,17,18,329,329
2023-08-30 09:45:12,17,19,329,329
2023-08-30 09:45:17,17,18,329,329
2023-08-30 09:45:20,17,19,329,329
2023-08-30 09:45:29,17,20,329,329
2023-08-30 09:45:30,17,19,329,329
2023-08-30 09:45:31,17,20,329,329
2023-08-30 09:45:38,17,19,329,329
2023-08-30 09:45:40,17,20,329,329
2023-08-30 09:45:43,17,19,329,329
2023-08-30 09:45:44,17,20,329,329
2023-08-30 09:45:46,17,19,329,329
2023-08-30 09:45:47,17,20,329,329
2023-08-30 09:46:02,18,20,329,329
2023-08-30 09:46:17,18,19,329,329
2023-08-30 09:46:18,18,20,329,329
2023-08-30 09:46:29,18,19,329,329
2023-08-30 09:46:31,18,20,329,329
2023-08-30 09:46:32,18,19,329,329
2023-08-30 09:46:34,18,20,329,329
2023-08-30 09:46:45,18,21,329,329
2023-08-30 09:46:45,18,20,329,329
2023-08-30 09:46:48,18,21,329,329
2023-08-30 09:46:50,18,20,329,329
2023-08-30 09:46:53,18,21,329,329
2023-08-30 09:46:56,18,20,329,329
2023-08-30 09:47:03,18,21,329,329
2023-08-30 09:47:05,18,20,329,329
2023-08-30 09:47:08,18,21,329,329
2023-08-30 09:47:10,18,20,329,329
2023-08-30 09:47:27,17,20,329,329
2023-08-30 09:47:44,17,19,329,329
2023-08-30 09:47:48,17,20,329,329
2023-08-30 09:48:05,18,20,329,329
2023-08-30 09:48:07,18,21,329,329
2023-08-30 09:48:08,18,20,329,329
2023-08-30 09:48:22,19,20,329,329
2023-08-30 09:48:25,20,21,329,329
2023-08-30 09:48:26,20,22,329,329
2023-08-30 09:49:08,21,22,329,329
2023-08-30 09:49:09,21,23,329,329
2023-08-30 09:49:14,20,23,329,329
2023-08-30 09:49:24,20,22,329,329
2023-08-30 09:49:38,19,22,329,329
2023-08-30 09:50:02,20,22,329,329
2023-08-30 09:50:08,19,22,329,329
2023-08-30 09:50:09,20,22,329,329
2023-08-30 09:50:13,19,22,329,329
2023-08-30 09:50:17,19,21,329,329
2023-08-30 09:50:20,19,22,329,329
2023-08-30 09:50:21,20,22,329,329
2023-08-30 09:50:27,19,22,329,329
2023-08-30 09:50:28,20,22,329,329
2023-08-30 09:50:33,19,22,329,329
2023-08-30 09:50:39,20,22,329,329
2023-08-30 09:50:42,20,23,329,329
2023-08-30 09:50:47,21,23,329,329
2023-08-30 09:50:49,20,23,329,329
2023-08-30 09:50:52,20,22,329,329
2023-08-30 09:50:53,20,23,329,329
2023-08-30 09:50:59,21,23,329,329
2023-08-30 09:51:04,22,23,329,329
2023-08-30 09:51:08,21,23,329,329
2023-08-30 09:51:09,22,23,329,329
2023-08-30 09:51:18,22,24,529,529
2023-08-30 09:51:35,23,24,529,529
2023-08-30 09:51:37,23,25,529,529
2023-08-30 09:51:50,22,25,529,529
2023-08-30 09:51:58,23,25,529,529
2023-08-30 09:51:59,22,25,529,529
2023-08-30 09:52:00,23,25,529,529
2023-08-30 09:52:32,24,25,529,529
2023-08-30 09:52:34,24,26,529,529
2023-08-30 09:53:05,23,26,529,529
2023-08-30 09:53:15,23,25,529,529
2023-08-30 09:53:16,23,26,529,529
2023-08-30 09:53:22,24,26,529,529
2023-08-30 09:53:33,23,26,529,529
2023-08-30 09:53:39,23,25,529,529
2023-08-30 09:53:43,23,26,529,529
2023-08-30 09:53:52,24,26,529,529
2023-08-30 09:53:57,25,26,529,529
2023-08-30 09:54:00,24,26,529,529
2023-08-30 09:54:09,25,26,529,529
2023-08-30 09:54:10,24,26,529,529
2023-08-30 09:54:11,24,27,529,529
2023-08-30 09:54:11,25,27,529,529
2023-08-30 09:54:39,26,27,529,529
2023-08-30 09:54:40,26,28,529,529
2023-08-30 09:54:43,27,28,529,529
2023-08-30 09:54:44,26,28,529,529
2023-08-30 09:54:45,27,28,529,529
2023-08-30 09:54:46,26,28,529,529
2023-08-30 09:54:47,27,28,529,529
2023-08-30 09:54:49,26,28,529,529
2023-08-30 09:54:52,27,28,529,529
2023-08-30 09:54:53,26,28,529,529
2023-08-30 09:54:58,27,28,529,529
2023-08-30 09:55:01,26,28,529,529
2023-08-30 09:55:03,27,28,529,529
2023-08-30 09:55:04,26,28,529,529
2023-08-30 09:55:34,26,27,529,529
2023-08-30 09:55:35,25,27,529,529
2023-08-30 09:55:39,25,28,529,529
2023-08-30 09:55:39,26,28,529,529
2023-08-30 09:55:40,26,27,529,529
2023-08-30 09:55:41,25,27,529,529
2023-08-30 09:55:41,25,28,529,529
2023-08-30 09:55:42,25,27,529,529
2023-08-30 09:55:46,25,28,529,529
2023-08-30 09:55:47,25,27,529,529
2023-08-30 09:55:55,25,28,529,529
2023-08-30 09:55:59,26,28,529,529
2023-08-30 09:56:00,25,28,529,529
2023-08-30 09:56:01,26,28,529,529
2023-08-30 09:56:07,25,28,529,529
2023-08-30 09:56:08,26,28,529,529
2023-08-30 09:56:11,25,28,529,529
2023-08-30 09:56:13,26,28,529,529
2023-08-30 09:56:17,25,28,529,529
2023-08-30 09:56:19,26,28,529,529
2023-08-30 09:56:32,25,28,529,529
2023-08-30 09:56:35,26,28,529,529
2023-08-30 09:57:19,25,28,529,529
2023-08-30 09:57:21,26,28,529,529
2023-08-30 09:57:38,26,29,529,529
2023-08-30 09:57:40,27,29,529,529
2023-08-30 09:58:00,27,30,529,529
2023-08-30 09:58:00,28,30,529,529
2023-08-30 09:58:43,27,30,529,529
2023-08-30 09:58:43,27,29,529,529
2023-08-30 09:58:46,27,30,529,529
2023-08-30 09:58:50,28,30,529,529
2023-08-30 09:59:03,28,29,529,529
2023-08-30 09:59:04,28,30,529,529
2023-08-30 09:59:15,28,29,529,529
2023-08-30 09:59:16,28,30,529,529
2023-08-30 09:59:18,27,30,529,529
2023-08-30 09:59:18,27,29,529,529
2023-08-30 09:59:19,27,30,529,529
2023-08-30 09:59:28,27,29,529,529
2023-08-30 09:59:29,27,30,529,529
2023-08-30 09:59:31,28,30,529,529
2023-08-30 09:59:36,27,30,529,529
2023-08-30 09:59:39,28,30,529,529
2023-08-30 09:59:45,27,30,529,529
2023-08-30 09:59:48,27,29,529,529
2023-08-30 09:59:49,27,30,529,529
2023-08-30 09:59:52,28,30,529,529
2023-08-30 09:59:58,28,29,529,529
2023-08-30 09:59:59,28,30,529,529
2023-08-30 10:00:06,27,30,529,529
2023-08-30 10:00:12,28,30,529,529
2023-08-30 10:00:22,29,30,529,529
2023-08-30 10:00:22,29,31,529,529
2023-08-30 10:00:30,28,31,529,529
2023-08-30 10:00:36,28,30,529,529
2023-08-30 10:00:47,29,30,529,529
2023-08-30 10:01:09,29,31,539,539
2023-08-30 10:01:19,30,31,539,539
2023-08-30 10:01:21,29,31,539,539
2023-08-30 10:01:23,30,31,539,539
2023-08-30 10:01:34,29,31,539,539
2023-08-30 10:01:39,29,32,739,739
2023-08-30 10:01:40,30,32,739,739
2023-08-30 10:02:05,29,32,739,739
2023-08-30 10:02:07,29,31,739,739
2023-08-30 10:02:08,29,30,739,739
2023-08-30 10:02:09,29,32,739,739
2023-08-30 10:02:09,29,31,739,739
2023-08-30 10:02:44,29,32,739,739
2023-08-30 10:02:57,29,32,745,745
2023-08-30 10:03:10,30,32,745,745
2023-08-30 10:03:12,29,32,745,745
2023-08-30 10:03:15,30,32,745,745
2023-08-30 10:03:29,29,32,745,745
2023-08-30 10:03:47,29,31,745,745
2023-08-30 10:03:48,28,31,745,745
2023-08-30 10:03:54,28,30,745,745
2023-08-30 10:04:08,28,29,745,745
2023-08-30 10:04:22,28,30,745,745
2023-08-30 10:04:23,28,29,745,745
2023-08-30 10:04:31,28,30,745,745
2023-08-30 10:04:34,28,29,745,745
2023-08-30 10:04:40,28,30,745,745
2023-08-30 10:04:41,28,29,745,745
2023-08-30 10:04:42,28,30,745,745
2023-08-30 10:04:43,28,29,745,745
2023-08-30 10:04:47,28,30,745,745
2023-08-30 10:04:54,28,29,745,745
2023-08-30 10:04:57,28,30,745,745
2023-08-30 10:05:05,28,31,745,745
2023-08-30 10:05:10,29,31,745,745
2023-08-30 10:05:12,28,31,745,745
2023-08-30 10:05:17,29,31,745,745
2023-08-30 10:05:21,28,31,745,745
2023-08-30 10:05:36,28,30,745,745
2023-08-30 10:05:55,28,31,745,745
2023-08-30 10:05:56,28,30,745,745
2023-08-30 10:05:59,28,31,745,745
2023-08-30 10:06:00,29,31,745,745
2023-08-30 10:06:02,28,31,745,745
2023-08-30 10:06:02,28,30,745,745
2023-08-30 10:06:03,28,31,745,745
2023-08-30 10:06:04,28,30,745,745
2023-08-30 10:06:12,28,31,745,745
2023-08-30 10:06:16,29,31,745,745
2023-08-30 10:06:19,28,31,745,745
2023-08-30 10:06:20,29,31,745,745
2023-08-30 10:06:25,28,31,745,745
2023-08-30 10:06:26,28,30,745,745
2023-08-30 10:06:30,28,31,745,745
2023-08-30 10:06:32,28,30,745,745
2023-08-30 10:06:47,28,31,745,745
2023-08-30 10:06:56,29,31,745,745
2023-08-30 10:07:01,29,32,745,745
2023-08-30 10:07:10,29,31,745,745
2023-08-30 10:07:15,29,32,745,745
2023-08-30 10:07:36,30,32,745,745
2023-08-30 10:07:43,29,32,745,745
2023-08-30 10:07:43,29,31,745,745
2023-08-30 10:07:44,29,32,745,745
2023-08-30 10:08:03,30,32,745,745
2023-08-30 10:08:06,29,32,745,745
2023-08-30 10:08:09,30,32,745,745
2023-08-30 10:08:34,29,32,745,745
2023-08-30 10:08:40,30,32,745,745
2023-08-30 10:08:42,29,32,745,745
2023-08-30 10:08:47,30,32,745,745
2023-08-30 10:08:49,29,32,745,745
2023-08-30 10:08:50,30,32,745,745
2023-08-30 10:09:28,29,32,745,745
2023-08-30 10:09:32,29,31,745,745
2023-08-30 10:09:41,28,31,745,745
2023-08-30 10:09:44,29,31,745,745
2023-08-30 10:09:56,28,31,745,745
2023-08-30 10:09:58,29,31,745,745
2023-08-30 10:10:15,28,31,745,745
2023-08-30 10:10:21,29,31,745,745
2023-08-30 10:10:35,29,32,745,745
2023-08-30 10:10:37,30,32,745,745
2023-08-30 10:12:31,31,32,745,745
2023-08-30 10:12:32,31,33,745,745
2023-08-30 10:12:57,32,33,745,745
2023-08-30 10:13:03,31,33,745,745
2023-08-30 10:13:11,32,33,745,745
2023-08-30 10:13:24,31,33,745,745
2023-08-30 10:13:25,31,34,945,945
2023-08-30 10:13:26,32,34,945,945
2023-08-30 10:13:29,31,34,945,945
2023-08-30 10:13:31,32,34,945,945
2023-08-30 10:13:32,31,34,945,945
2023-08-30 10:13:32,31,33,945,945
2023-08-30 10:13:33,31,34,945,945
2023-08-30 10:13:35,32,34,945,945
2023-08-30 10:13:36,31,34,945,945
2023-08-30 10:13:39,32,34,945,945
2023-08-30 10:14:42,33,34,945,945
2023-08-30 10:15:01,33,35,945,945
2023-08-30 10:15:02,34,35,945,945
2023-08-30 10:15:08,33,35,945,945
2023-08-30 10:15:12,33,34,945,945
2023-08-30 10:15:13,32,34,945,945
2023-08-30 10:15:14,33,34,945,945
2023-08-30 10:15:23,33,35,945,945
2023-08-30 10:15:30,32,35,945,945
2023-08-30 10:15:30,32,34,945,945
2023-08-30 10:15:31,31,34,945,945
2023-08-30 10:15:31,32,34,945,945
2023-08-30 10:15:33,31,34,945,1224
2023-08-30 10:15:34,32,34,945,1224
2023-08-30 10:15:35,31,34,945,1490
2023-08-30 10:15:44,31,33,945,1490
2023-08-30 10:15:46,32,33,945,1490
2023-08-30 10:15:47,32,34,945,1490
2023-08-30 10:15:48,31,34,1055,1701
2023-08-30 10:15:49,32,34,1055,1701
2023-08-30 10:15:49,31,34,1250,1896
2023-08-30 10:15:50,32,34,1250,1896
2023-08-30 10:15:51,31,34,1466,2112
2023-08-30 10:15:52,32,34,1466,2112
2023-08-30 10:15:52,31,34,1654,2300
2023-08-30 10:15:54,32,34,1654,2300
2023-08-30 10:15:55,31,34,1654,2300
2023-08-30 10:16:02,31,33,1654,2300
2023-08-30 10:16:07,30,33,1654,2300
2023-08-30 10:16:08,29,33,1654,2300
2023-08-30 10:16:08,30,33,1654,2300
2023-08-30 10:16:08,30,32,1654,2300
2023-08-30 10:16:15,29,32,1654,2300
2023-08-30 10:16:17,29,31,1654,2300
2023-08-30 10:16:24,29,32,1654,2300
2023-08-30 10:16:27,29,31,1654,2300
2023-08-30 10:16:29,30,31,1654,2300
2023-08-30 10:16:29,30,31,1664,2310
2023-08-30 10:16:31,30,32,1664,2310
2023-08-30 10:16:35,30,32,1684,2330
2023-08-30 10:16:48,29,32,1684,2330
2023-08-30 10:16:53,30,32,1684,2330
2023-08-30 10:16:53,30,32,1773,2419
2023-08-30 10:16:55,29,32,1773,2419
2023-08-30 10:16:56,30,32,1773,2419
2023-08-30 10:16:59,30,33,1773,2419
2023-08-30 10:17:01,29,33,1773,2419
2023-08-30 10:17:02,30,33,1773,2419
2023-08-30 10:17:03,30,32,1773,2419
2023-08-30 10:17:15,29,32,1773,2419
2023-08-30 10:17:16,30,32,1773,2419
2023-08-30 10:17:19,30,33,1773,2419
2023-08-30 10:17:22,29,33,1773,2419
2023-08-30 10:17:23,30,33,1773,2419
2023-08-30 10:17:27,30,32,1773,2419
2023-08-30 10:17:41,29,32,1773,2419
2023-08-30 10:17:46,28,32,1773,2419
2023-08-30 10:17:46,28,31,1773,2419
2023-08-30 10:17:47,29,31,1773,2419
2023-08-30 10:17:49,28,31,1773,2419
2023-08-30 10:17:50,29,31,1773,2419
2023-08-30 10:18:04,28,31,1773,2419
2023-08-30 10:18:12,29,31,1773,2419
2023-08-30 10:18:13,28,31,1773,2419
2023-08-30 10:18:21,27,31,1773,2419
2023-08-30 10:18:21,27,30,1773,2419
2023-08-30 10:18:22,28,30,1773,2419
2023-08-30 10:18:23,27,30,1773,2419
2023-08-30 10:18:29,27,29,1773,2419
2023-08-30 10:18:30,27,30,1773,2419
2023-08-30 10:18:30,27,29,1773,2419
2023-08-30 10:18:38,27,30,1773,2419
2023-08-30 10:18:39,28,30,1773,2419
2023-08-30 10:18:42,27,30,1773,2419
2023-08-30 10:18:44,28,30,1773,2419
2023-08-30 10:18:45,27,30,1773,2419
2023-08-30 10:18:45,27,29,1773,2419
2023-08-30 10:18:47,26,29,1773,2419
2023-08-30 10:18:53,27,29,1773,2419
2023-08-30 10:18:55,26,29,1773,2419
2023-08-30 10:19:06,26,28,1773,2419
2023-08-30 10:19:36,25,28,1773,2419
2023-08-30 10:19:36,25,27,1773,2419
2023-08-30 10:19:51,24,27,1773,2419
2023-08-30 10:19:51,24,26,1773,2419
2023-08-30 10:19:56,24,26,1773,2479
2023-08-30 10:20:03,23,26,1773,2479
2023-08-30 10:20:05,23,25,1773,2479
2023-08-30 10:20:05,23,26,1773,2479
2023-08-30 10:20:12,23,25,1773,2479
2023-08-30 10:20:14,22,25,1773,2479
2023-08-30 10:20:15,22,24,1773,2479
2023-08-30 10:20:19,22,24,1773,2529
2023-08-30 10:20:20,22,24,1773,2552
2023-08-30 10:20:21,21,24,1773,2552
2023-08-30 10:20:22,21,23,1773,2552
2023-08-30 10:20:25,20,23,1773,2552
2023-08-30 10:20:30,20,22,1773,2552
2023-08-30 10:20:45,20,23,1773,2552
2023-08-30 10:20:57,20,22,1773,2552
2023-08-30 10:20:58,20,23,1773,2552
2023-08-30 10:21:03,20,22,1773,2552
2023-08-30 10:21:07,20,23,1773,2552
2023-08-30 10:21:32,21,23,1773,2552
2023-08-30 10:21:35,21,24,1773,2552
2023-08-30 10:21:39,21,23,1773,2552
2023-08-30 10:21:46,21,23,1730,2602
2023-08-30 10:21:52,20,23,1730,2602
2023-08-30 10:22:11,20,22,1730,2602
2023-08-30 10:22:28,20,23,1730,2602
2023-08-30 10:22:36,20,22,1730,2602
2023-08-30 10:22:38,20,21,1730,2602
2023-08-30 10:22:40,19,21,1730,2602
2023-08-30 10:22:43,19,20,1730,2602
2023-08-30 10:22:49,18,20,1530,2802
2023-08-30 10:23:15,17,20,1530,2802
2023-08-30 10:23:42,17,19,1530,2802
2023-08-30 10:24:08,16,19,1530,2802
2023-08-30 10:24:08,16,18,1530,2802
2023-08-30 10:24:17,15,18,1530,2802
2023-08-30 10:24:17,15,17,1530,2802
2023-08-30 10:24:19,15,17,1600,2872
2023-08-30 10:24:29,15,16,1600,2872
2023-08-30 10:24:29,15,16,1730,3002
2023-08-30 10:24:30,15,17,1730,3002
2023-08-30 10:24:31,15,16,1730,3002
2023-08-30 10:24:42,14,16,1780,3052
2023-08-30 10:25:13,14,15,1780,3052
2023-08-30 10:25:55,13,14,1781,3053
2023-08-30 10:25:56,13,14,1781,3103
2023-08-30 10:26:01,13,15,1781,3103
2023-08-30 10:26:10,12,15,1781,3103
2023-08-30 10:26:10,12,14,1781,3103
2023-08-30 10:26:11,12,13,1781,3103
2023-08-30 10:26:11,12,13,1781,3223
2023-08-30 10:26:12,11,13,1781,3223
2023-08-30 10:26:13,11,12,1781,3223
2023-08-30 10:26:13,11,12,1727,3623
2023-08-30 10:26:14,10,12,1727,3623
2023-08-30 10:26:15,10,11,1727,3623
2023-08-30 10:26:24,10,11,1732,3628
2023-08-30 10:26:35,10,12,1732,3628
2023-08-30 10:26:50,10,13,1732,3628
2023-08-30 10:26:50,11,13,1732,3628
2023-08-30 10:26:52,10,13,1732,3628
2023-08-30 10:26:55,11,13,1732,3628
2023-08-30 10:27:02,10,13,1732,3628
2023-08-30 10:27:10,10,12,1732,3628
2023-08-30 10:27:26,10,11,1732,3628
2023-08-30 10:27:57,8,10,1731,3629
2023-08-30 10:27:59,8,9,1731,3629
2023-08-30 10:27:59,8,9,1920,3818
2023-08-30 10:27:59,8,9,1931,3829
2023-08-30 10:28:04,8,10,1931,3829
2023-08-30 10:28:22,9,10,1931,3829
2023-08-30 10:28:23,8,10,1931,3829
2023-08-30 10:28:44,8,11,1931,3829
2023-08-30 10:28:45,9,11,1931,3829
2023-08-30 10:28:46,8,11,1931,3829
2023-08-30 10:28:47,9,11,1931,3829
2023-08-30 10:28:54,9,12,1931,3829
2023-08-30 10:28:54,9,11,1931,3829
2023-08-30 10:28:56,9,12,1931,3829
2023-08-30 10:29:44,10,12,1931,3829
2023-08-30 10:29:57,9,12,1931,3829
2023-08-30 10:30:08,10,12,1931,3829
2023-08-30 10:30:21,10,13,1931,3829
2023-08-30 10:30:23,10,12,1931,3829
2023-08-30 10:30:30,10,13,1931,3829
2023-08-30 10:30:30,11,13,1931,3829
2023-08-30 10:30:47,10,13,1931,3829
2023-08-30 10:30:54,10,12,1931,3829
2023-08-30 10:30:55,10,13,1931,3829
2023-08-30 10:31:01,10,12,1931,3829
2023-08-30 10:31:01,9,12,1931,3829
2023-08-30 10:31:10,10,12,1931,3829
2023-08-30 10:31:11,10,13,1931,3829
2023-08-30 10:31:20,10,12,1931,3829
2023-08-30 10:31:21,10,13,1931,3829
2023-08-30 10:31:50,11,13,1931,3829
2023-08-30 10:32:37,11,14,1931,3829
2023-08-30 10:32:38,12,14,1931,3829
2023-08-30 10:33:05,12,14,1703,4162
2023-08-30 10:33:06,13,14,1703,4162
2023-08-30 10:33:08,13,15,1703,4162
2023-08-30 10:33:13,13,16,1703,4162
2023-08-30 10:33:13,14,16,1703,4162
2023-08-30 10:33:18,13,16,1703,4162
2023-08-30 10:33:32,13,15,1703,4162
2023-08-30 10:33:40,13,16,1703,4162
2023-08-30 10:33:44,13,15,1703,4162
2023-08-30 10:33:45,13,16,1703,4162
2023-08-30 10:33:46,13,15,1703,4162
2023-08-30 10:33:47,13,16,1703,4162
2023-08-30 10:33:51,13,15,1703,4162
2023-08-30 10:33:53,13,16,1703,4162
2023-08-30 10:34:02,14,16,1703,4162
2023-08-30 10:34:08,15,16,1703,4162
2023-08-30 10:34:10,15,17,1703,4162
2023-08-30 10:34:15,14,17,1703,4162
2023-08-30 10:34:16,15,17,1703,4162
2023-08-30 10:34:17,14,17,1703,4162
2023-08-30 10:34:18,15,17,1703,4162
2023-08-30 10:34:29,16,17,1703,4162
2023-08-30 10:34:37,15,17,1703,4162
2023-08-30 10:34:38,16,17,1703,4162
2023-08-30 10:34:39,15,17,1703,4162
2023-08-30 10:34:42,16,17,1703,4162
2023-08-30 10:34:42,16,18,1703,4162
2023-08-30 10:34:52,16,19,1703,4162
2023-08-30 10:34:52,17,19,1703,4162
2023-08-30 10:34:53,16,19,1703,4162
2023-08-30 10:34:54,17,19,1703,4162
2023-08-30 10:34:56,16,19,1703,4162
2023-08-30 10:35:01,17,19,1703,4162
2023-08-30 10:35:02,16,19,1703,4162
2023-08-30 10:35:03,17,19,1703,4162
2023-08-30 10:35:07,16,19,1703,4162
2023-08-30 10:35:14,16,18,1703,4162
2023-08-30 10:35:33,15,18,1703,4162
2023-08-30 10:35:42,14,18,1703,4162
2023-08-30 10:35:42,14,17,1703,4162
2023-08-30 10:35:49,15,17,1703,4162
2023-08-30 10:35:51,14,17,1703,4162
2023-08-30 10:35:52,15,17,1703,4162
2023-08-30 10:35:52,15,18,1703,4162
2023-08-30 10:35:56,14,18,1703,4162
2023-08-30 10:35:56,14,17,1703,4162
2023-08-30 10:36:06,14,16,1703,4162
2023-08-30 10:36:07,13,16,1703,4162
2023-08-30 10:36:12,13,15,1703,4162
2023-08-30 10:36:13,12,15,1703,4162
2023-08-30 10:36:15,13,15,1703,4162
2023-08-30 10:36:16,13,16,1703,4162
2023-08-30 10:36:20,13,15,1703,4162
2023-08-30 10:36:23,13,16,1703,4162
2023-08-30 10:36:30,13,15,1703,4162
2023-08-30 10:36:33,12,15,1703,4162
2023-08-30 10:37:31,13,15,1703,4162
2023-08-30 10:37:33,13,16,1703,4162
2023-08-30 10:37:35,14,16,1703,4162
2023-08-30 10:37:38,13,16,1703,4162
2023-08-30 10:37:52,14,16,1703,4162
2023-08-30 10:37:59,14,15,1703,4162
2023-08-30 10:37:59,12,15,1592,4273
2023-08-30 10:38:17,13,15,1592,4273
2023-08-30 10:38:37,12,15,1592,4273
2023-08-30 10:38:39,13,15,1592,4273
2023-08-30 10:38:46,12,15,1592,4273
2023-08-30 10:38:56,13,15,1592,4273
2023-08-30 10:38:59,12,15,1592,4273
2023-08-30 10:39:02,13,15,1592,4273
2023-08-30 10:39:06,13,16,1592,4273
2023-08-30 10:39:10,14,16,1592,4273
2023-08-30 10:39:15,14,17,1592,4273
2023-08-30 10:39:18,15,17,1592,4273
2023-08-30 10:39:18,15,18,1592,4273
2023-08-30 10:40:28,14,18,1592,4273
2023-08-30 10:40:28,14,17,1592,4273
2023-08-30 10:41:46,14,16,1592,4273
2023-08-30 10:41:46,13,16,1592,4273
2023-08-30 10:42:07,14,16,1592,4273
2023-08-30 10:42:08,14,17,1592,4273
2023-08-30 10:42:10,14,16,1592,4273
2023-08-30 10:42:10,13,16,1592,4273
2023-08-30 10:42:17,14,16,1592,4273
2023-08-30 10:42:20,13,16,1592,4273
2023-08-30 10:42:30,13,15,1592,4273
2023-08-30 10:42:40,13,16,1592,4273
2023-08-30 10:42:51,14,16,1592,4273
2023-08-30 10:42:55,14,17,1592,4273
2023-08-30 10:43:13,15,17,1592,4273
2023-08-30 10:43:16,14,17,1592,4273
2023-08-30 10:43:25,15,17,1592,4273
2023-08-30 10:43:53,16,17,1592,4273
2023-08-30 10:43:55,16,17,1992,4673
2023-08-30 10:43:56,16,17,2392,5073
2023-08-30 10:44:00,15,17,2392,5073
2023-08-30 10:44:00,15,17,2793,5739
2023-08-30 10:44:31,14,17,2793,5739
2023-08-30 10:44:33,14,16,2793,5739
2023-08-30 10:44:35,14,17,2793,5739
2023-08-30 10:44:35,15,17,2793,5739
2023-08-30 10:44:57,14,17,2793,5739
2023-08-30 10:44:59,14,16,2793,5739
2023-08-30 10:45:04,14,17,2793,5739
2023-08-30 10:45:05,15,17,2793,5739
2023-08-30 10:45:22,14,17,2793,5739
2023-08-30 10:45:30,15,17,2793,5739
2023-08-30 10:46:17,16,17,2793,5739
2023-08-30 10:46:19,15,17,2793,5739
2023-08-30 10:46:20,16,17,2793,5739
2023-08-30 10:46:25,15,17,2793,5739
2023-08-30 10:46:27,16,17,2793,5739
2023-08-30 10:46:28,15,17,2793,5739
2023-08-30 10:46:31,16,17,2793,5739
2023-08-30 10:46:35,16,17,3193,6139
2023-08-30 10:46:36,16,17,3593,6539
2023-08-30 10:46:37,16,17,3993,6939
2023-08-30 10:46:38,16,19,4327,7273
2023-08-30 10:46:38,17,19,4327,7273
2023-08-30 10:46:43,16,19,4327,7273
2023-08-30 10:46:50,17,19,4327,7273
2023-08-30 10:47:04,16,19,4327,7273
2023-08-30 10:47:05,15,19,4327,7273
2023-08-30 10:47:05,15,18,4327,7273
2023-08-30 10:47:05,16,18,4327,7273
2023-08-30 10:47:06,15,18,4327,7273
2023-08-30 10:47:39,14,18,4327,7273
2023-08-30 10:47:39,14,17,4327,7273
2023-08-30 10:47:44,14,16,4327,7273
2023-08-30 10:47:49,13,16,4327,7273
2023-08-30 10:47:51,14,16,4327,7273
2023-08-30 10:47:59,13,16,4327,7273
2023-08-30 10:48:02,14,16,4327,7273
2023-08-30 10:48:23,14,17,4327,7273
2023-08-30 10:48:33,15,17,4327,7273
2023-08-30 10:48:35,14,17,4327,7273
2023-08-30 10:48:37,15,17,4327,7273
2023-08-30 10:48:38,14,17,4327,7273
2023-08-30 10:48:52,15,17,4327,7273
2023-08-30 10:49:04,14,17,4327,7273
2023-08-30 10:49:05,15,17,4327,7273
2023-08-30 10:49:06,14,17,4327,7273
2023-08-30 10:49:10,15,17,4327,7273
2023-08-30 10:49:13,14,17,4327,7273
2023-08-30 10:49:24,15,17,4327,7273
2023-08-30 10:49:25,15,18,4327,7273
2023-08-30 10:49:36,14,18,4327,7273
2023-08-30 10:49:36,14,17,4327,7273
2023-08-30 10:50:03,14,16,4327,7273
2023-08-30 10:50:04,15,16,4327,7273
2023-08-30 10:50:18,14,16,4327,7273
2023-08-30 10:50:23,14,17,4327,7273
2023-08-30 10:50:30,14,16,4327,7273
2023-08-30 10:50:34,13,16,4327,7273
2023-08-30 10:50:35,12,16,4327,7273
2023-08-30 10:50:35,12,15,4327,7273
2023-08-30 10:50:37,13,15,4327,7273
2023-08-30 10:50:38,13,16,4327,7273
2023-08-30 10:50:43,14,16,4327,7273
2023-08-30 10:50:43,14,17,4327,7273
2023-08-30 10:50:50,13,17,4327,7273
2023-08-30 10:50:51,13,16,4327,7273
2023-08-30 10:50:54,13,17,4327,7273
2023-08-30 10:50:54,14,17,4327,7273
2023-08-30 10:51:26,13,17,4327,7273
2023-08-30 10:51:27,14,17,4327,7273
2023-08-30 10:51:28,13,17,4327,7273
2023-08-30 10:51:30,13,16,4327,7273
2023-08-30 10:51:31,13,17,4327,7273
2023-08-30 10:51:32,13,16,4327,7273
2023-08-30 10:51:34,13,17,4327,7273
2023-08-30 10:51:35,14,17,4327,7273
2023-08-30 10:51:42,13,17,4327,7273
2023-08-30 10:51:42,13,16,4327,7273
2023-08-30 10:51:58,14,16,4327,7273
2023-08-30 10:52:00,14,17,4327,7273
2023-08-30 10:52:13,15,17,4327,7273
2023-08-30 10:52:13,15,18,4327,7273
2023-08-30 10:53:08,15,19,4327,7273
2023-08-30 10:53:09,16,19,4327,7273
2023-08-30 10:53:24,17,19,4327,7273
2023-08-30 10:53:36,16,19,4327,7273
2023-08-30 10:53:41,16,18,4327,7273
2023-08-30 10:53:41,15,18,4327,7273
2023-08-30 10:53:43,16,18,4327,7273
2023-08-30 10:53:45,15,18,4327,7273
2023-08-30 10:53:46,16,18,4327,7273
2023-08-30 10:53:47,16,19,4327,7273
2023-08-30 10:53:50,16,18,4327,7273
2023-08-30 10:53:52,15,18,4327,7273
2023-08-30 10:53:54,16,18,4327,7273
2023-08-30 10:53:55,16,18,4327,7273
2023-08-30 10:53:56,16,19,4327,7273
2023-08-30 10:54:07,16,18,4327,7273
2023-08-30 10:54:08,16,19,4327,7273
2023-08-30 10:54:23,17,19,4327,7273
2023-08-30 10:54:36,18,19,4327,7273
2023-08-30 10:54:41,17,19,4327,7273
2023-08-30 10:54:42,18,19,4327,7273
2023-08-30 10:54:56,18,20,4327,7273
2023-08-30 10:54:57,19,20,4327,7273
2023-08-30 10:55:01,18,20,4327,7273
2023-08-30 10:55:02,19,20,4327,7273
2023-08-30 10:55:04,18,20,4327,7273
2023-08-30 10:55:05,19,20,4327,7273
2023-08-30 10:55:07,18,20,4327,7273
2023-08-30 10:55:18,17,20,4327,7273
2023-08-30 10:55:22,18,20,4327,7273
2023-08-30 10:55:23,17,20,4327,7273
2023-08-30 10:55:27,17,19,4327,7273
2023-08-30 10:55:28,16,19,4327,7273
2023-08-30 10:55:32,17,19,4327,7273
2023-08-30 10:55:37,17,20,4327,7273
2023-08-30 10:55:41,17,19,4327,7273
2023-08-30 10:55:42,17,20,4327,7273
2023-08-30 10:56:02,18,20,4327,7273
2023-08-30 10:56:02,18,21,4527,7473
2023-08-30 10:56:03,19,21,4527,7473
2023-08-30 10:56:04,19,22,4527,7473
2023-08-30 10:56:07,20,22,4527,7473
2023-08-30 10:56:38,20,21,4527,7473
2023-08-30 10:56:39,21,23,4527,7476
2023-08-30 10:56:42,22,23,4527,7476
2023-08-30 10:56:43,22,24,4527,7476
2023-08-30 10:56:44,23,24,4527,7476
2023-08-30 10:56:45,22,24,4527,7476
2023-08-30 10:56:45,21,24,4527,7476
2023-08-30 10:56:46,22,24,4527,7476
2023-08-30 10:56:56,23,24,4527,7476
2023-08-30 10:57:01,22,24,4527,7476
2023-08-30 10:57:05,21,24,4527,7476
2023-08-30 10:57:11,22,24,4527,7476
2023-08-30 10:57:14,21,24,4527,7476
2023-08-30 10:57:24,20,24,4527,7476
2023-08-30 10:57:24,20,23,4527,7476
2023-08-30 10:57:27,20,22,4527,7476
2023-08-30 10:57:28,20,23,4527,7476
2023-08-30 10:57:34,20,22,4527,7476
2023-08-30 10:57:35,20,23,4527,7476
2023-08-30 10:57:36,20,22,4527,7476
2023-08-30 10:57:37,20,23,4527,7476
2023-08-30 10:57:41,20,22,4527,7476
2023-08-30 10:57:43,20,23,4527,7476
2023-08-30 10:57:47,21,23,4527,7476
2023-08-30 10:57:49,20,23,4527,7476
2023-08-30 10:57:50,21,23,4527,7476
2023-08-30 10:58:01,20,23,4527,7476
2023-08-30 10:58:02,21,23,4527,7476
2023-08-30 10:58:09,21,24,4527,7476
2023-08-30 10:58:46,22,24,4527,7476
2023-08-30 10:58:47,23,24,4527,7476
2023-08-30 10:59:02,22,24,4527,7476
2023-08-30 10:59:05,23,24,4527,7476
2023-08-30 10:59:06,22,24,4527,7476
2023-08-30 10:59:16,23,24,4527,7476
2023-08-30 10:59:17,21,24,4527,7476
2023-08-30 10:59:18,21,25,4527,7476
2023-08-30 10:59:18,22,25,4527,7476
2023-08-30 10:59:19,23,25,4527,7476
2023-08-30 10:59:25,22,25,4527,7476
2023-08-30 10:59:26,23,25,4527,7476
2023-08-30 10:59:30,24,25,4527,7476
2023-08-30 10:59:31,23,25,4527,7476
2023-08-30 10:59:36,24,25,4527,7476
2023-08-30 10:59:39,23,25,4527,7476
2023-08-30 10:59:41,24,25,4527,7476
2023-08-30 10:59:45,23,25,4527,7476
2023-08-30 10:59:58,22,25,4527,7476
2023-08-30 11:00:02,23,25,4527,7476
2023-08-30 11:00:13,22,25,4527,7476
2023-08-30 11:00:15,23,25,4527,7476
2023-08-30 11:00:18,22,25,4527,7476
2023-08-30 11:00:35,22,24,4527,7476
2023-08-30 11:00:38,22,25,4527,7476
2023-08-30 11:00:39,21,25,4527,7476
2023-08-30 11:00:39,21,24,4527,7476
2023-08-30 11:00:40,22,24,4527,7476
2023-08-30 11:00:49,21,24,4527,7476
2023-08-30 11:00:51,22,24,4527,7476
2023-08-30 11:00:53,22,25,4527,7476
2023-08-30 11:01:14,22,24,4527,7476
2023-08-30 11:01:18,21,24,4527,7476
2023-08-30 11:01:20,20,24,4527,7476
2023-08-30 11:01:20,20,23,4527,7476
2023-08-30 11:01:47,20,22,4527,7476
2023-08-30 11:02:00,19,22,4527,7476
2023-08-30 11:02:14,18,22,4527,7476
2023-08-30 11:02:16,19,22,4527,7476
2023-08-30 11:02:17,18,22,4527,7476
2023-08-30 11:02:18,19,22,4527,7476
2023-08-30 11:02:21,18,22,4527,7476
2023-08-30 11:02:21,18,21,4527,7476
2023-08-30 11:02:25,18,22,4527,7476
2023-08-30 11:02:32,19,22,4527,7476
2023-08-30 11:02:39,18,22,4527,7476
2023-08-30 11:02:44,18,21,4527,7476
2023-08-30 11:02:47,18,20,4527,7476
2023-08-30 11:03:08,18,21,4527,7476
2023-08-30 11:03:09,18,20,4527,7476
2023-08-30 11:03:23,17,20,4527,7476
2023-08-30 11:03:27,17,19,4527,7476
2023-08-30 11:03:28,16,19,4527,7476
2023-08-30 11:03:29,16,18,4527,7476
2023-08-30 11:03:30,16,19,4527,7476
2023-08-30 11:03:31,16,18,4527,7476
2023-08-30 11:03:34,15,18,4527,7476
2023-08-30 11:03:39,15,17,4527,7476
2023-08-30 11:03:40,15,18,4527,7476
2023-08-30 11:03:42,15,17,4527,7476
2023-08-30 11:03:46,15,18,4527,7476
2023-08-30 11:03:49,15,17,4527,7476
2023-08-30 11:03:50,14,17,4527,7476
2023-08-30 11:03:51,14,16,4527,7476
2023-08-30 11:03:53,13,16,4527,7476
2023-08-30 11:03:56,13,15,4527,7476
2023-08-30 11:03:56,13,16,4527,7476
2023-08-30 11:03:56,13,16,4527,7576
2023-08-30 11:03:57,13,15,4527,7576
2023-08-30 11:04:02,13,15,4527,7606
2023-08-30 11:04:11,13,17,4527,7606
2023-08-30 11:04:12,13,16,4527,7606
2023-08-30 11:04:14,14,16,4527,7606
2023-08-30 11:04:38,14,17,4527,7606
2023-08-30 11:05:16,15,17,4527,7606
2023-08-30 11:05:23,15,18,4527,7606
2023-08-30 11:05:24,16,18,4527,7606
2023-08-30 11:05:28,16,19,4527,7606
2023-08-30 11:05:36,16,18,4527,7606
2023-08-30 11:05:39,15,18,4527,7606
2023-08-30 11:05:40,16,18,4527,7606
2023-08-30 11:06:07,16,19,4527,7606
2023-08-30 11:06:39,16,20,4527,7606
2023-08-30 11:06:44,17,20,4527,7606
2023-08-30 11:06:46,18,20,4527,7606
2023-08-30 11:07:07,19,20,4527,7606
2023-08-30 11:07:07,19,21,4527,7606
2023-08-30 11:07:17,18,21,4527,7606
2023-08-30 11:07:21,19,21,4527,7606
2023-08-30 11:07:37,20,21,4527,7606
2023-08-30 11:07:47,20,22,4527,7606
2023-08-30 11:07:49,19,22,4527,7606
2023-08-30 11:07:55,20,22,4527,7606
2023-08-30 11:07:56,19,22,4527,7606
2023-08-30 11:08:10,19,21,4527,7606
2023-08-30 11:08:12,19,22,4527,7606
2023-08-30 11:08:19,19,21,4527,7606
2023-08-30 11:08:21,19,22,4527,7606
2023-08-30 11:08:23,19,21,4527,7606
2023-08-30 11:08:26,19,22,4527,7606
2023-08-30 11:08:31,19,21,4527,7606
2023-08-30 11:08:32,19,22,4527,7606
2023-08-30 11:08:39,19,21,4527,7606
2023-08-30 11:08:45,18,21,4527,7606
2023-08-30 11:08:47,19,21,4527,7606
2023-08-30 11:08:48,18,21,4527,7606
2023-08-30 11:08:59,19,21,4527,7606
2023-08-30 11:08:59,19,21,4557,7636
2023-08-30 11:09:02,18,21,4557,7636
2023-08-30 11:09:04,18,20,4557,7636
2023-08-30 11:09:14,17,20,4557,7636
2023-08-30 11:09:14,16,20,4557,7636
2023-08-30 11:09:15,17,20,4557,7636
2023-08-30 11:09:16,18,20,4557,7636
2023-08-30 11:09:17,17,20,4557,7636
2023-08-30 11:09:21,18,20,4557,7636
2023-08-30 11:09:22,17,20,4557,7636
2023-08-30 11:09:23,18,20,4557,7636
2023-08-30 11:09:24,17,20,4557,7636
2023-08-30 11:09:30,16,20,4557,7636
2023-08-30 11:09:31,17,20,4557,7636
2023-08-30 11:09:36,18,20,4557,7636
2023-08-30 11:09:54,18,20,4567,7646
2023-08-30 11:09:56,17,20,4567,7646
2023-08-30 11:10:04,18,20,4567,7646
2023-08-30 11:10:06,18,21,4567,7646
2023-08-30 11:10:06,18,20,4567,7646
2023-08-30 11:10:06,18,21,4567,7646
2023-08-30 11:10:10,18,20,4567,7646
2023-08-30 11:10:14,18,21,4567,7646
2023-08-30 11:10:28,18,22,4567,7646
2023-08-30 11:10:29,18,21,4567,7646
2023-08-30 11:10:29,18,22,4567,7646
2023-08-30 11:10:32,18,21,4567,7646
2023-08-30 11:10:33,18,22,4567,7646
2023-08-30 11:10:33,19,22,4567,7646
2023-08-30 11:10:37,19,21,4567,7646
2023-08-30 11:10:37,19,22,4567,7646
2023-08-30 11:11:05,19,21,4567,7646
2023-08-30 11:11:40,18,21,4567,7646
2023-08-30 11:11:59,17,21,4567,7646
2023-08-30 11:11:59,17,20,4567,7646
2023-08-30 11:12:06,16,20,4567,7646
2023-08-30 11:12:11,17,20,4567,7646
2023-08-30 11:12:11,17,19,4567,7646
2023-08-30 11:12:11,17,20,4567,7646
2023-08-30 11:12:15,17,19,4567,7646
2023-08-30 11:12:15,17,20,4567,7646
2023-08-30 11:12:19,18,20,4567,7646
2023-08-30 11:12:22,18,21,4567,7646
2023-08-30 11:12:26,18,20,4567,7646
2023-08-30 11:12:26,18,21,4567,7646
2023-08-30 11:12:37,18,20,4567,7646
2023-08-30 11:12:49,18,21,4567,7646
2023-08-30 11:12:52,18,20,4567,7646
2023-08-30 11:12:52,18,21,4567,7646
2023-08-30 11:12:58,17,21,4567,7646
2023-08-30 11:12:59,17,20,4567,7646
2023-08-30 11:12:59,17,21,4567,7646
2023-08-30 11:13:03,17,20,4567,7646
2023-08-30 11:13:03,17,21,4567,7646
2023-08-30 11:13:07,17,20,4567,7646
2023-08-30 11:13:11,17,21,4567,7646
2023-08-30 11:13:29,17,20,4567,7646
2023-08-30 11:13:38,17,19,4567,7646
2023-08-30 11:13:38,17,20,4567,7646
2023-08-30 11:13:41,17,19,4567,7646
2023-08-30 11:13:41,17,20,4567,7646
2023-08-30 11:14:03,17,21,4567,7646
2023-08-30 11:14:06,17,20,4567,7646
2023-08-30 11:14:06,17,21,4567,7646
2023-08-30 11:14:19,17,20,4567,7646
2023-08-30 11:14:23,17,21,4567,7646
2023-08-30 11:14:25,18,21,4567,7646
2023-08-30 11:14:32,18,20,4567,7646
2023-08-30 11:14:32,18,21,4567,7646
2023-08-30 11:14:39,17,21,4567,7646
2023-08-30 11:14:39,17,20,4567,7646
2023-08-30 11:14:43,17,21,4567,7646
2023-08-30 11:14:51,17,20,4567,7646
2023-08-30 11:14:51,17,21,4567,7646
2023-08-30 11:14:52,17,20,4567,7646
2023-08-30 11:14:55,17,19,4567,7646
2023-08-30 11:14:55,17,20,4567,7646
2023-08-30 11:14:59,17,21,4567,7646
2023-08-30 11:15:02,17,20,4567,7646
2023-08-30 11:15:06,17,21,4567,7646
2023-08-30 11:15:11,17,20,4567,7646
2023-08-30 11:15:36,18,20,4567,7646
2023-08-30 11:15:39,18,21,4567,7646
2023-08-30 11:15:41,18,20,4567,7646
2023-08-30 11:15:41,18,21,4567,7646
2023-08-30 11:15:51,18,20,4567,7646
2023-08-30 11:15:52,18,21,4567,7646
2023-08-30 11:15:52,18,20,4567,7646
2023-08-30 11:16:02,17,20,4567,7646
2023-08-30 11:16:03,17,19,4567,7646
2023-08-30 11:16:04,17,20,4567,7646
2023-08-30 11:16:07,17,19,4567,7646
2023-08-30 11:16:08,17,20,4567,7646
2023-08-30 11:16:31,17,19,4567,7646
2023-08-30 11:16:34,16,19,4567,7646
2023-08-30 11:16:36,17,19,4567,7646
2023-08-30 11:16:38,17,19,4587,7666
2023-08-30 11:16:52,17,20,4587,7666
2023-08-30 11:16:55,17,19,4587,7666
2023-08-30 11:16:55,17,20,4587,7666
2023-08-30 11:17:02,17,19,4587,7666
2023-08-30 11:17:02,17,20,4587,7666
2023-08-30 11:17:21,17,19,4587,7666
2023-08-30 11:17:26,17,20,4587,7666
2023-08-30 11:17:30,17,20,4587,7666
2023-08-30 11:17:41,17,19,4587,7666
2023-08-30 11:17:41,17,20,4587,7666
2023-08-30 11:17:45,17,19,4587,7666
2023-08-30 11:17:45,17,20,4587,7666
2023-08-30 11:17:46,17,19,4587,7666
2023-08-30 11:17:47,17,20,4587,7666
2023-08-30 11:17:59,17,19,4587,7666
2023-08-30 11:18:05,17,20,4587,7666
2023-08-30 11:18:15,18,20,4587,7666
2023-08-30 11:18:19,17,20,4587,7666
2023-08-30 11:18:23,18,20,4587,7666
2023-08-30 11:18:38,18,21,4587,7666
2023-08-30 11:18:40,18,20,4587,7666
2023-08-30 11:18:40,18,21,4587,7666
2023-08-30 11:18:43,18,20,4587,7666
2023-08-30 11:18:44,18,21,4587,7666
2023-08-30 11:18:46,19,21,4587,7666
2023-08-30 11:18:49,19,22,4587,7666
2023-08-30 11:20:43,19,21,4587,7666
2023-08-30 11:20:45,18,21,4587,7666
2023-08-30 11:20:54,18,20,4587,7666
2023-08-30 11:20:54,18,21,4587,7666
2023-08-30 11:21:28,18,20,4587,7666
2023-08-30 11:21:29,17,20,4587,7666
2023-08-30 11:21:52,17,19,4587,7666
2023-08-30 11:21:52,17,20,4587,7666
2023-08-30 11:22:15,17,19,4587,7666
2023-08-30 11:22:28,17,20,4587,7666
2023-08-30 11:23:10,18,20,4587,7666
2023-08-30 11:23:11,18,21,4587,7666
2023-08-30 11:23:16,18,20,4587,7666
2023-08-30 11:23:16,18,21,4587,7666
2023-08-30 11:23:24,17,21,4587,7666
2023-08-30 11:23:30,18,21,4587,7666
2023-08-30 11:23:32,17,21,4587,7666
2023-08-30 11:23:43,18,21,4587,7666
2023-08-30 11:23:44,17,21,4587,7666
2023-08-30 11:23:45,17,20,4587,7666
2023-08-30 11:24:27,17,19,4587,7666
2023-08-30 11:24:27,17,20,4587,7666
2023-08-30 11:24:54,18,20,4587,7666
2023-08-30 11:25:14,17,20,4587,7666
2023-08-30 11:25:21,17,19,4587,7666
2023-08-30 11:25:26,16,19,4587,7666
2023-08-30 11:25:29,15,19,4587,7666
2023-08-30 11:25:29,15,18,4587,7666
2023-08-30 11:25:32,15,18,4587,7676
2023-08-30 11:25:36,15,17,4587,7676
2023-08-30 11:25:36,15,18,4587,7676
2023-08-30 11:25:43,15,17,4587,7676
2023-08-30 11:25:44,15,18,4587,7676
2023-08-30 11:25:48,16,18,4587,7676
2023-08-30 11:25:51,15,18,4587,7676
2023-08-30 11:26:21,15,17,4587,7676
2023-08-30 11:26:40,15,17,4587,7686
2023-08-30 11:26:44,15,18,4587,7686
2023-08-30 11:26:47,15,17,4587,7686
2023-08-30 11:26:47,15,18,4587,7686
2023-08-30 11:26:51,15,17,4587,7686
2023-08-30 11:26:51,15,18,4587,7686
2023-08-30 11:26:55,15,17,4587,7686
2023-08-30 11:26:56,15,18,4587,7686
2023-08-30 11:27:04,14,18,4587,7686
2023-08-30 11:27:04,14,17,4587,7686
2023-08-30 11:27:06,15,17,4587,7686
2023-08-30 11:27:07,14,17,4587,7686
2023-08-30 11:27:10,15,17,4587,7686
2023-08-30 11:27:12,14,17,4587,7686
2023-08-30 11:27:13,13,17,4587,7686
2023-08-30 11:27:16,14,17,4587,7686
2023-08-30 11:27:16,14,17,4587,7756
2023-08-30 11:27:17,13,17,4587,7756
2023-08-30 11:27:18,13,14,4587,7756
2023-08-30 11:27:19,14,17,4587,7796
2023-08-30 11:27:20,13,17,4587,7796
2023-08-30 11:27:23,14,17,4587,7796
2023-08-30 11:27:36,14,16,4587,7796
2023-08-30 11:27:36,14,17,4587,7796
2023-08-30 11:27:40,14,16,4587,7796
2023-08-30 11:27:40,14,17,4587,7796
2023-08-30 11:27:44,14,16,4587,7796
2023-08-30 11:27:47,14,17,4587,7796
2023-08-30 11:27:50,13,17,4587,7796
2023-08-30 11:27:55,13,16,4587,7796
2023-08-30 11:27:56,13,17,4587,7796
2023-08-30 11:27:57,14,17,4587,7796
2023-08-30 11:28:01,14,18,4587,7796
2023-08-30 11:28:02,15,18,4587,7796
2023-08-30 11:28:04,15,17,4587,7796
2023-08-30 11:28:04,15,18,4587,7796
2023-08-30 11:28:11,14,18,4587,7796
2023-08-30 11:28:16,14,17,4587,7796
2023-08-30 11:28:17,13,17,4587,7796
2023-08-30 11:28:18,13,16,4587,7796
2023-08-30 11:28:25,14,16,4587,7796
2023-08-30 11:28:40,13,16,4587,7796
2023-08-30 11:28:42,14,16,4587,7796
2023-08-30 11:28:43,14,16,4587,7806
2023-08-30 11:28:50,14,17,4587,7806
2023-08-30 11:28:51,15,17,4587,7806
2023-08-30 11:28:51,15,18,4587,7806
2023-08-30 11:28:52,15,18,5055,8306
2023-08-30 11:28:52,15,17,5055,8306
2023-08-30 11:29:27,16,17,5055,8306
2023-08-30 11:29:27,16,19,5055,8606
2023-08-30 11:29:28,16,20,5055,8606
2023-08-30 11:29:39,17,20,5055,8606
2023-08-30 11:29:43,18,20,5055,8606
2023-08-30 11:29:52,18,21,5055,8606
2023-08-30 11:30:03,18,20,5055,8606
2023-08-30 11:30:04,18,21,5055,8606
2023-08-30 11:30:07,18,20,5055,8606
2023-08-30 11:30:07,18,21,5055,8606
2023-08-30 11:30:13,18,20,5055,8606
2023-08-30 11:30:16,18,21,5055,8606
2023-08-30 11:30:31,18,20,5055,8606
2023-08-30 11:30:31,18,21,5055,8606
2023-08-30 11:31:06,18,20,5055,8606
2023-08-30 11:31:06,17,20,5055,8606
2023-08-30 11:31:36,17,19,5055,8606
2023-08-30 11:31:36,17,20,5055,8606
2023-08-30 11:31:37,17,21,5055,8606
2023-08-30 11:31:37,18,21,5055,8606
2023-08-30 11:31:40,18,20,5055,8606
2023-08-30 11:31:40,18,21,5055,8606
2023-08-30 11:31:51,19,21,5055,8606
2023-08-30 11:31:55,18,21,5055,8606
2023-08-30 11:31:55,18,20,5055,8606
2023-08-30 11:31:58,18,21,5055,8606
2023-08-30 11:32:16,19,21,5055,8606
2023-08-30 11:32:17,19,22,5055,8606
2023-08-30 11:32:40,21,22,5055,8606
2023-08-30 11:33:05,21,22,5068,8619
2023-08-30 11:33:33,19,21,5068,8717
2023-08-30 11:33:34,19,22,5068,8717
2023-08-30 11:33:39,18,22,5068,8717
2023-08-30 11:33:45,19,22,5068,8717
2023-08-30 11:33:50,20,22,5068,8717
2023-08-30 11:34:00,20,21,5068,8717
2023-08-30 11:34:29,20,22,5568,9217
2023-08-30 11:34:55,19,22,5568,9217
2023-08-30 11:35:01,20,22,5568,9217
2023-08-30 11:35:03,20,23,5568,9217
2023-08-30 11:35:19,21,23,5568,9217
2023-08-30 11:35:23,20,23,5568,9217
2023-08-30 11:35:26,20,22,5568,9217
2023-08-30 11:35:28,20,23,5568,9217
2023-08-30 11:35:29,20,22,5568,9217
2023-08-30 11:35:31,20,23,5568,9217
2023-08-30 11:35:34,20,22,5568,9217
2023-08-30 11:35:35,20,23,5568,9217
2023-08-30 11:35:38,20,22,5568,9217
2023-08-30 11:35:47,20,23,5568,9217
2023-08-30 11:35:51,21,23,5568,9217
2023-08-30 11:35:55,21,24,5568,9217
2023-08-30 11:36:07,22,24,5568,9217
2023-08-30 11:36:09,23,24,5568,9217
2023-08-30 11:36:10,23,25,5568,9217
2023-08-30 11:36:14,22,25,5568,9217
2023-08-30 11:36:19,23,25,5568,9217
2023-08-30 11:36:23,23,26,5568,9217
2023-08-30 11:36:24,24,26,5568,9217
2023-08-30 11:36:29,24,27,5698,9417
2023-08-30 11:37:03,24,26,5698,9417
2023-08-30 11:37:10,24,27,5698,9417
2023-08-30 11:37:12,25,27,5698,9417
2023-08-30 11:37:14,24,27,5698,9417
2023-08-30 11:37:15,25,27,5698,9417
2023-08-30 11:37:17,25,28,5698,9417
2023-08-30 11:37:18,26,28,5698,9417
2023-08-30 11:37:21,25,28,5698,9417
2023-08-30 11:37:28,26,28,5698,9417
2023-08-30 11:37:37,26,29,5698,9417
2023-08-30 11:37:56,25,29,5698,9417
2023-08-30 11:37:56,25,28,5698,9417
2023-08-30 11:37:57,26,28,5698,9417
2023-08-30 11:37:59,25,28,5698,9417
2023-08-30 11:38:01,26,28,5698,9417
2023-08-30 11:38:05,26,29,5698,9417
2023-08-30 11:38:12,26,28,5698,9417
2023-08-30 11:38:13,26,29,5698,9417
2023-08-30 11:38:19,25,29,5698,9417
2023-08-30 11:38:19,25,28,5698,9417
2023-08-30 11:38:20,26,28,5698,9417
2023-08-30 11:38:20,26,29,5698,9417
2023-08-30 11:38:28,26,30,5698,9417
2023-08-30 11:38:32,27,30,5698,9417
2023-08-30 11:38:51,26,30,5698,9417
2023-08-30 11:38:53,27,30,5698,9417
2023-08-30 11:38:54,26,30,5698,9417
2023-08-30 11:38:54,26,29,5698,9417
2023-08-30 11:38:56,26,30,5698,9417
2023-08-30 11:38:58,27,30,5698,9417
2023-08-30 11:39:14,26,30,5698,9417
2023-08-30 11:39:15,26,29,5698,9417
2023-08-30 11:39:26,26,28,5698,9417
2023-08-30 11:40:07,25,28,5698,9417
2023-08-30 11:40:19,26,28,5698,9417
2023-08-30 11:40:20,25,28,5698,9417
2023-08-30 11:40:21,26,28,5698,9417
2023-08-30 11:40:23,25,28,5698,9417
2023-08-30 11:40:24,26,28,5698,9417
2023-08-30 11:40:31,25,28,5698,9417
2023-08-30 11:40:32,26,28,5698,9417
2023-08-30 11:40:33,27,28,5698,9417
2023-08-30 11:40:36,27,29,5698,9417
2023-08-30 11:40:45,26,29,5698,9417
2023-08-30 11:40:48,27,29,5698,9417
2023-08-30 11:40:55,27,30,5698,9417
2023-08-30 11:40:55,27,29,5698,9417
2023-08-30 11:41:04,26,29,5698,9417
2023-08-30 11:41:05,27,29,5698,9417
2023-08-30 11:41:14,26,29,5698,9417
2023-08-30 11:41:16,27,29,5698,9417
2023-08-30 11:41:22,27,30,5698,9417
2023-08-30 11:41:27,27,29,5698,9417
2023-08-30 11:41:28,26,29,5698,9417
2023-08-30 11:41:30,26,30,5698,9417
2023-08-30 11:41:30,27,30,5698,9417
2023-08-30 11:41:32,27,29,5698,9417
2023-08-30 11:41:36,27,30,5698,9417
2023-08-30 11:41:49,27,29,5698,9417
2023-08-30 11:41:50,27,30,5698,9417
2023-08-30 11:42:16,27,29,5698,9417
2023-08-30 11:42:16,27,30,5698,9417
2023-08-30 11:42:44,27,31,5698,9417
2023-08-30 11:42:44,27,30,5698,9417
2023-08-30 11:42:52,28,30,5698,9417
2023-08-30 11:42:59,27,30,5698,9417
2023-08-30 11:43:54,28,30,5698,9417
2023-08-30 11:43:58,26,30,5698,9417
2023-08-30 11:43:59,27,30,5698,9417
2023-08-30 11:43:59,27,29,5698,9417
2023-08-30 11:44:00,28,29,5698,9417
2023-08-30 11:44:01,28,30,5698,9417
2023-08-30 11:44:03,27,30,5698,9417
2023-08-30 11:44:08,27,29,5698,9417
2023-08-30 11:44:09,26,29,5698,9417
2023-08-30 11:44:10,27,29,5698,9417
2023-08-30 11:44:20,26,29,5698,9417
2023-08-30 11:44:32,27,29,5698,9417
2023-08-30 11:44:32,27,29,5855,9574
2023-08-30 11:44:34,26,29,5855,9574
2023-08-30 11:44:36,27,29,5855,9574
2023-08-30 11:44:40,27,30,5855,9574
2023-08-30 11:44:42,26,30,5855,9574
2023-08-30 11:44:42,26,29,5855,9574
2023-08-30 11:44:44,26,28,5855,9574
2023-08-30 11:44:46,26,29,5855,9574
2023-08-30 11:44:47,26,28,5855,9574
2023-08-30 11:44:48,26,29,5855,9574
2023-08-30 11:44:51,26,28,5855,9574
2023-08-30 11:45:11,27,28,5855,9574
2023-08-30 11:45:12,27,29,5855,9574
2023-08-30 11:45:33,26,29,5855,9574
2023-08-30 11:45:34,26,28,5855,9574
2023-08-30 11:45:38,25,28,5855,9574
2023-08-30 11:45:43,26,28,5855,9574
2023-08-30 11:45:44,25,28,5855,9574
2023-08-30 11:45:50,26,28,5855,9574
2023-08-30 11:46:03,26,29,5855,9574
2023-08-30 11:46:03,26,28,5855,9574
2023-08-30 11:46:13,25,28,5855,9574
2023-08-30 11:46:19,24,28,5855,9574
2023-08-30 11:46:21,24,27,5855,9574
2023-08-30 11:46:30,25,27,5855,9574
2023-08-30 11:46:32,25,28,5855,9574
2023-08-30 11:47:09,26,28,5855,9574
2023-08-30 11:47:24,25,28,5855,9574
2023-08-30 11:47:53,24,28,5855,9574
2023-08-30 11:47:58,24,27,5855,9574
2023-08-30 11:48:26,25,27,5855,9574
2023-08-30 11:48:26,25,28,5855,9574
2023-08-30 11:48:29,26,28,5855,9574
2023-08-30 11:48:31,25,28,5855,9574
2023-08-30 11:48:33,26,28,5855,9574
2023-08-30 11:48:37,25,28,5855,9574
2023-08-30 11:48:44,24,28,5855,9574
2023-08-30 11:48:46,25,28,5855,9574
2023-08-30 11:48:49,24,28,5855,9574
2023-08-30 11:48:50,25,28,5855,9574
2023-08-30 11:49:03,24,28,5855,9574
2023-08-30 11:49:05,25,28,5855,9574
2023-08-30 11:49:18,24,28,5855,9574
2023-08-30 11:49:23,25,28,5855,9574
2023-08-30 11:49:25,24,28,5855,9574
2023-08-30 11:49:32,24,27,5855,9574
2023-08-30 11:49:38,23,27,5855,9574
2023-08-30 11:49:38,23,26,5855,9574
2023-08-30 11:49:41,22,26,5855,9574
2023-08-30 11:49:42,23,26,5855,9574
2023-08-30 11:49:49,22,26,5855,9574
2023-08-30 11:49:53,22,25,5855,9574
2023-08-30 11:49:55,23,25,5855,9574
2023-08-30 11:49:56,23,26,5855,9574
2023-08-30 11:50:21,22,26,5855,9574
2023-08-30 11:50:21,22,25,5855,9574
2023-08-30 11:50:24,21,25,5855,9574
2023-08-30 11:50:26,21,24,5855,9574
2023-08-30 11:50:29,20,24,5855,9574
2023-08-30 11:50:30,20,23,5855,9574
2023-08-30 11:50:35,20,22,5855,9574
2023-08-30 11:50:36,20,23,5855,9574
2023-08-30 11:50:38,20,22,5855,9574
2023-08-30 11:50:50,20,23,5855,9574
2023-08-30 11:50:54,20,22,5855,9574
2023-08-30 11:50:56,20,23,5855,9574
2023-08-30 11:50:57,20,22,5855,9574
2023-08-30 11:51:01,19,22,5855,9574
2023-08-30 11:51:11,20,22,5855,9574
2023-08-30 11:51:13,20,23,5855,9574
2023-08-30 11:51:52,20,22,5855,9574
2023-08-30 11:51:57,20,23,5855,9574
2023-08-30 11:52:04,20,22,5855,9574
2023-08-30 11:52:11,20,23,5855,9574
2023-08-30 11:52:23,20,24,5855,9574
2023-08-30 11:52:26,21,24,5855,9574
2023-08-30 11:52:39,21,25,5855,9574
2023-08-30 11:52:41,21,24,5855,9574
2023-08-30 11:53:06,21,25,5855,9574
2023-08-30 11:53:07,22,25,5855,9574
2023-08-30 11:53:35,22,26,5855,9574
2023-08-30 11:53:40,23,26,5855,9574
2023-08-30 11:53:41,24,26,5855,9574
2023-08-30 11:54:05,22,26,5855,9574
2023-08-30 11:54:05,22,25,5855,9574
2023-08-30 11:54:06,22,26,5855,9574
2023-08-30 11:54:07,23,26,5855,9574
2023-08-30 11:54:07,23,25,5855,9574
2023-08-30 11:54:47,22,25,5855,9574
2023-08-30 11:54:49,21,25,5855,9574
2023-08-30 11:54:51,21,24,5855,9574
2023-08-30 11:54:53,22,24,5855,9574
2023-08-30 11:54:54,22,25,5855,9574
2023-08-30 11:55:55,22,26,5855,9574
2023-08-30 11:55:59,23,26,5855,9574
2023-08-30 11:56:28,22,26,5855,9574
2023-08-30 11:56:33,22,25,5855,9574
2023-08-30 11:56:36,22,26,5855,9574
2023-08-30 11:56:39,22,25,5855,9574
2023-08-30 11:56:40,22,26,5855,9574
2023-08-30 11:56:43,22,25,5855,9574
2023-08-30 11:57:14,22,24,5855,9574
2023-08-30 11:57:17,22,25,5855,9574
2023-08-30 11:58:06,22,26,5855,9574
2023-08-30 11:58:06,23,26,5855,9574
2023-08-30 11:58:17,23,27,5855,9574
2023-08-30 11:58:17,23,26,5855,9574
2023-08-30 11:58:23,24,26,5855,9574
2023-08-30 11:58:23,24,27,5855,9574
2023-08-30 11:58:25,25,27,5855,9574
2023-08-30 11:58:58,24,27,5855,9574
2023-08-30 11:58:58,24,26,5855,9574
2023-08-30 11:58:58,23,26,5855,9574
2023-08-30 11:59:00,24,26,5855,9574
2023-08-30 11:59:05,23,26,5855,9574
2023-08-30 11:59:26,23,27,5855,9574
2023-08-30 11:59:26,24,27,5855,9574
2023-08-30 11:59:32,24,26,5855,9574
2023-08-30 11:59:33,24,27,5855,9574
2023-08-30 11:59:34,24,26,5855,9574
2023-08-30 11:59:36,24,27,5855,9574
2023-08-30 11:59:39,24,28,5855,9574
2023-08-30 11:59:39,24,27,5855,9574
2023-08-30 11:59:46,25,27,5855,9574
2023-08-30 11:59:49,25,28,5855,9574
2023-08-30 11:59:51,25,29,5855,9574
2023-08-30 11:59:51,25,28,5855,9574
2023-08-30 11:59:56,26,28,5855,9574
2023-08-30 11:59:59,26,29,5855,9574
2023-08-30 12:00:01,26,28,5855,9574
2023-08-30 12:00:02,26,29,5855,9574
2023-08-30 12:00:02,26,28,5855,9574
2023-08-30 12:00:06,26,29,5855,9574
2023-08-30 12:00:10,26,28,5855,9574
2023-08-30 12:00:23,26,29,5855,9574
2023-08-30 12:00:24,26,28,5855,9574
2023-08-30 12:00:25,26,29,5855,9574
2023-08-30 12:00:26,26,28,5855,9574
2023-08-30 12:00:30,26,29,5855,9574
2023-08-30 12:00:31,26,28,5855,9574
2023-08-30 12:00:38,26,29,5855,9574
2023-08-30 12:00:40,27,29,5855,9574
2023-08-30 12:00:45,27,30,5855,9574
2023-08-30 12:00:46,26,30,5855,9574
2023-08-30 12:00:46,26,29,5855,9574
2023-08-30 12:00:48,26,28,5855,9574
2023-08-30 12:01:05,26,29,5855,9574
2023-08-30 12:01:06,26,28,5855,9574
2023-08-30 12:01:13,27,28,5855,9574
2023-08-30 12:01:17,26,28,5855,9574
2023-08-30 12:01:24,25,28,5855,9574
2023-08-30 12:01:24,24,28,5855,9574
2023-08-30 12:01:25,24,27,5855,9574
2023-08-30 12:01:26,24,26,5855,9574
2023-08-30 12:01:27,24,27,5855,9574
2023-08-30 12:01:34,23,27,5855,9574
2023-08-30 12:01:34,23,26,5855,9574
2023-08-30 12:01:41,22,26,5855,9574
2023-08-30 12:01:41,22,25,5855,9574
2023-08-30 12:01:58,23,25,5855,9574
2023-08-30 12:02:09,23,26,5855,9574
2023-08-30 12:02:29,23,27,5855,9574
2023-08-30 12:02:43,23,26,5855,9574
2023-08-30 12:03:44,23,27,5855,9574
2023-08-30 12:03:46,23,26,5855,9574
2023-08-30 12:04:27,23,27,5855,9574
2023-08-30 12:04:31,24,27,5855,9574
2023-08-30 12:04:37,24,28,5855,9574
2023-08-30 12:04:42,24,27,5855,9574
2023-08-30 12:04:57,24,28,5855,9574
2023-08-30 12:04:58,25,28,5855,9574
2023-08-30 12:05:20,25,29,5855,9574
2023-08-30 12:05:20,25,28,5855,9574
2023-08-30 12:05:21,25,29,5855,9574
2023-08-30 12:05:24,25,28,5855,9574
2023-08-30 12:05:25,26,28,5855,9574
2023-08-30 12:05:26,26,29,5855,9574
2023-08-30 12:05:28,26,28,5855,9574
2023-08-30 12:05:34,25,28,5855,9574
2023-08-30 12:05:38,26,28,5855,9574
2023-08-30 12:05:40,25,28,5855,9574
2023-08-30 12:06:08,25,27,5855,9574
2023-08-30 12:06:27,25,28,5855,9574
2023-08-30 12:06:27,25,27,5855,9574
2023-08-30 12:06:48,25,28,5855,9574
2023-08-30 12:06:52,25,29,5855,9574
2023-08-30 12:06:52,25,28,5855,9574
2023-08-30 12:07:41,25,29,5855,9574
2023-08-30 12:07:43,26,29,5855,9574
2023-08-30 12:07:49,25,29,5855,9574
2023-08-30 12:07:49,25,28,5855,9574
2023-08-30 12:08:29,25,27,5855,9574
2023-08-30 12:08:33,25,28,5855,9574
2023-08-30 12:08:33,25,27,5855,9574
2023-08-30 12:08:57,26,27,5855,9574
2023-08-30 12:08:57,26,29,5855,9574
2023-08-30 12:09:09,26,28,5855,9574
2023-08-30 12:09:20,26,29,5855,9574
2023-08-30 12:09:25,26,28,5855,9574
2023-08-30 12:09:35,25,28,5855,9574
2023-08-30 12:09:36,26,28,5855,9574
2023-08-30 12:09:45,26,29,5855,9574
2023-08-30 12:10:00,27,29,5855,9574
2023-08-30 12:10:24,25,29,5855,9574
2023-08-30 12:10:24,25,28,5855,9574
2023-08-30 12:10:25,26,28,5855,9574
2023-08-30 12:10:26,25,28,5855,9574
2023-08-30 12:10:27,25,27,5855,9574
2023-08-30 12:10:28,24,27,5855,9574
2023-08-30 12:10:29,23,27,5855,9574
2023-08-30 12:10:29,23,26,5855,9574
2023-08-30 12:10:47,24,26,5855,9574
2023-08-30 12:10:48,23,26,5855,9574
2023-08-30 12:10:55,22,26,5855,9574
2023-08-30 12:10:55,22,25,5855,9574
2023-08-30 12:10:58,23,25,5855,9574
2023-08-30 12:11:10,23,26,5855,9574
2023-08-30 12:11:13,24,26,5855,9574
2023-08-30 12:11:15,24,26,5865,9584
2023-08-30 12:11:20,24,27,5865,9584
2023-08-30 12:12:17,24,28,5865,9584
2023-08-30 12:12:20,24,27,5865,9584
2023-08-30 12:12:24,23,27,5865,9584
2023-08-30 12:12:33,24,27,5865,9584
2023-08-30 12:13:11,24,28,5865,9584
2023-08-30 12:13:27,24,27,5865,9584
2023-08-30 12:13:33,24,28,5865,9584
2023-08-30 12:13:51,24,27,5865,9584
2023-08-30 12:14:28,24,28,5865,9584
2023-08-30 12:14:32,24,27,5865,9584
2023-08-30 12:14:41,24,28,5865,9584
2023-08-30 12:14:47,25,28,5865,9584
2023-08-30 12:15:44,25,29,5865,9584
2023-08-30 12:15:46,28,29,5865,9584
2023-08-30 12:15:46,28,30,6265,9984
2023-08-30 12:15:46,28,32,6265,9984
2023-08-30 12:15:47,29,32,6265,9984
2023-08-30 12:15:47,28,32,6265,9984
2023-08-30 12:15:47,30,32,6265,9984
2023-08-30 12:15:48,30,32,6265,10134
2023-08-30 12:15:50,29,32,6265,10134
2023-08-30 12:15:50,29,31,6265,10134
2023-08-30 12:15:55,30,31,6265,10134
2023-08-30 12:16:03,29,31,6265,10134
2023-08-30 12:16:10,30,31,6265,10134
2023-08-30 12:16:13,29,31,6265,10134
2023-08-30 12:16:14,29,32,6465,10334
2023-08-30 12:16:14,30,32,6465,10334
2023-08-30 12:16:14,30,33,6465,10334
2023-08-30 12:16:15,30,32,6465,10334
2023-08-30 12:16:15,31,32,6465,10334
2023-08-30 12:16:15,31,33,6465,10334
2023-08-30 12:16:17,32,33,6465,10334
2023-08-30 12:16:18,33,35,6466,10335
2023-08-30 12:16:20,34,35,6466,10335
2023-08-30 12:16:21,34,36,6466,10335
2023-08-30 12:16:22,33,36,6466,10335
2023-08-30 12:16:23,34,36,6466,10335
2023-08-30 12:16:24,33,36,6466,10335
2023-08-30 12:16:24,33,35,6466,10335
2023-08-30 12:16:27,33,36,6466,10335
2023-08-30 12:16:30,33,35,6466,10335
2023-08-30 12:16:51,33,36,6466,10335
2023-08-30 12:16:51,33,35,6466,10335
2023-08-30 12:16:52,34,35,6466,10335
2023-08-30 12:16:52,34,36,6466,10335
2023-08-30 12:17:09,35,36,6466,10335
2023-08-30 12:17:11,34,36,6466,10335
2023-08-30 12:17:16,33,36,6466,10335
2023-08-30 12:17:19,33,35,6466,10335
2023-08-30 12:17:22,31,35,6466,10335
2023-08-30 12:17:22,32,35,6466,10335
2023-08-30 12:17:36,33,35,6466,10335
2023-08-30 12:17:49,33,36,6466,10335
2023-08-30 12:17:52,34,36,6466,10335
2023-08-30 12:18:14,33,36,6466,10335
2023-08-30 12:18:21,33,35,6466,10335
2023-08-30 12:18:22,31,35,6466,10335
2023-08-30 12:18:22,32,35,6466,10335
2023-08-30 12:18:30,32,34,6466,10335
2023-08-30 12:18:31,32,35,6466,10335
2023-08-30 12:18:45,32,34,6466,10335
2023-08-30 12:18:45,30,34,6466,10335
2023-08-30 12:18:45,29,34,6466,10335
2023-08-30 12:18:45,31,34,6466,10335
2023-08-30 12:18:45,31,33,6466,10335
2023-08-30 12:19:11,31,34,6466,10335
2023-08-30 12:19:49,32,34,6466,10335
2023-08-30 12:20:00,32,35,6466,10335
2023-08-30 12:20:05,33,35,6466,10335
2023-08-30 12:20:05,33,36,6466,10335
2023-08-30 12:20:05,33,35,6466,10335
2023-08-30 12:20:11,32,35,6466,10335
2023-08-30 12:20:21,33,35,6466,10335
2023-08-30 12:20:39,32,35,6466,10335
2023-08-30 12:20:43,33,35,6466,10335
2023-08-30 12:21:06,33,36,6466,10335
2023-08-30 12:21:06,33,35,6466,10335
2023-08-30 12:21:24,31,35,6466,10335
2023-08-30 12:21:24,32,35,6466,10335
2023-08-30 12:21:32,32,34,6466,10335
2023-08-30 12:21:32,30,34,6466,10335
2023-08-30 12:21:32,31,34,6466,10335
2023-08-30 12:21:42,32,34,6466,10335
2023-08-30 12:21:44,31,34,6466,10335
2023-08-30 12:21:45,32,34,6466,10335
2023-08-30 12:21:47,32,35,6466,10335
2023-08-30 12:21:51,32,34,6466,10335
2023-08-30 12:21:52,32,35,6466,10335
2023-08-30 12:21:53,32,34,6466,10335
2023-08-30 12:21:58,30,34,6466,10335
2023-08-30 12:21:58,29,34,6466,10335
2023-08-30 12:21:58,31,34,6466,10335
2023-08-30 12:22:27,31,33,6466,10335
2023-08-30 12:22:30,29,33,6466,10335
2023-08-30 12:22:30,28,33,6466,10335
2023-08-30 12:22:30,30,33,6466,10335
2023-08-30 12:22:35,30,34,6466,10335
2023-08-30 12:22:35,30,33,6466,10335
2023-08-30 12:22:42,30,32,6466,10335
2023-08-30 12:23:18,28,32,6466,10335
2023-08-30 12:23:18,29,32,6466,10335
2023-08-30 12:23:23,30,32,6466,10335
2023-08-30 12:23:42,30,33,6466,10335
2023-08-30 12:23:43,30,32,6466,10335
2023-08-30 12:24:14,30,33,6466,10335
2023-08-30 12:24:36,31,33,6466,10335
2023-08-30 12:24:45,29,33,6466,10335
2023-08-30 12:24:45,30,33,6466,10335
2023-08-30 12:25:15,30,32,6466,10335
2023-08-30 12:25:29,31,32,6466,10335
2023-08-30 12:25:29,31,33,6466,10335
2023-08-30 12:25:37,28,33,6466,10335
2023-08-30 12:25:37,30,33,6466,10335
2023-08-30 12:26:10,31,33,6466,10335
2023-08-30 12:26:12,31,34,6466,10335
2023-08-30 12:26:12,31,33,6466,10335
2023-08-30 12:26:28,30,33,6466,10335
2023-08-30 12:26:37,28,33,6466,10335
2023-08-30 12:26:37,31,33,6466,10335
2023-08-30 12:26:48,32,33,6466,10335
2023-08-30 12:26:48,32,34,6466,10335
2023-08-30 12:27:07,32,35,6466,10335
2023-08-30 12:27:08,32,34,6466,10335
2023-08-30 12:27:24,32,35,6466,10335
2023-08-30 12:27:39,30,35,6466,10335
2023-08-30 12:27:39,33,35,6466,10335
2023-08-30 12:27:45,30,35,6466,10335
2023-08-30 12:27:45,32,35,6466,10335
2023-08-30 12:27:56,32,34,6466,10335
2023-08-30 12:27:57,32,35,6466,10335
2023-08-30 12:28:12,33,35,6466,10335
2023-08-30 12:28:20,33,36,6466,10335
2023-08-30 12:28:20,33,35,6466,10335
2023-08-30 12:28:39,30,35,6466,10335
2023-08-30 12:28:39,32,35,6466,10335
2023-08-30 12:28:41,32,34,6466,10335
2023-08-30 12:28:43,32,35,6466,10335
2023-08-30 12:28:45,33,35,6466,10335
2023-08-30 12:28:45,33,36,6466,10335
2023-08-30 12:28:45,33,35,6466,10335
2023-08-30 12:28:58,33,34,6466,10335
2023-08-30 12:29:01,30,34,6466,10335
2023-08-30 12:29:01,32,34,6466,10335
2023-08-30 12:29:09,32,35,6466,10335
2023-08-30 12:29:09,30,35,6466,10335
2023-08-30 12:29:09,33,35,6466,10335
2023-08-30 12:29:12,33,34,6466,10335
2023-08-30 12:29:15,30,34,6466,10335
2023-08-30 12:29:15,32,34,6466,10335
2023-08-30 12:29:19,32,35,6466,10335
2023-08-30 12:29:23,33,35,6466,10335
2023-08-30 12:29:34,30,35,6466,10335
2023-08-30 12:29:34,32,35,6466,10335
2023-08-30 12:29:35,32,34,6466,10335
2023-08-30 12:29:37,32,35,6466,10335
2023-08-30 12:29:38,32,34,6466,10335
2023-08-30 12:29:39,32,35,6466,10335
2023-08-30 12:29:41,32,34,6466,10335
2023-08-30 12:29:43,32,35,6466,10335
2023-08-30 12:29:56,32,34,6466,10335
2023-08-30 12:29:57,32,35,6466,10335
2023-08-30 12:29:58,32,34,6466,10335
2023-08-30 12:30:00,32,35,6466,10335
2023-08-30 12:30:00,33,35,6466,10335
2023-08-30 12:30:50,31,35,6466,10335
2023-08-30 12:30:50,34,35,6466,10335
2023-08-30 12:30:50,34,35,6466,10340
2023-08-30 12:30:52,34,36,6466,10340
2023-08-30 12:30:59,34,37,6466,10340
2023-08-30 12:31:01,34,36,6466,10340
2023-08-30 12:31:04,34,37,6466,10340
2023-08-30 12:31:05,34,36,6466,10340
2023-08-30 12:31:08,34,37,6466,10340
2023-08-30 12:31:09,34,36,6466,10340
2023-08-30 12:31:16,34,37,6466,10340
2023-08-30 12:31:19,34,36,6466,10340
2023-08-30 12:31:20,34,37,6466,10340
2023-08-30 12:31:21,34,36,6466,10340
2023-08-30 12:31:23,34,37,6466,10340
2023-08-30 12:31:26,35,37,6466,10340
2023-08-30 12:31:30,32,37,6466,10340
2023-08-30 12:31:30,34,37,6466,10340
2023-08-30 12:31:35,34,36,6466,10340
2023-08-30 12:31:36,34,37,6466,10340
2023-08-30 12:31:48,32,37,6466,10340
2023-08-30 12:31:48,35,37,6466,10340
2023-08-30 12:31:53,35,36,6466,10340
2023-08-30 12:31:55,35,37,6466,10340
2023-08-30 12:32:06,35,36,6466,10340
2023-08-30 12:32:07,35,37,6466,10340
2023-08-30 12:32:32,33,37,6466,10340
2023-08-30 12:32:32,36,37,6466,10340
2023-08-30 12:34:22,34,37,6466,10340
2023-08-30 12:34:22,35,37,6466,10340
2023-08-30 12:34:22,37,39,6466,10341
2023-08-30 12:34:36,34,39,6466,10341
2023-08-30 12:34:36,36,39,6466,10341
2023-08-30 12:34:37,36,38,6466,10341
2023-08-30 12:34:55,36,39,6466,10341
2023-08-30 12:34:55,36,38,6466,10341
2023-08-30 12:34:55,36,39,6466,10341
2023-08-30 12:34:56,34,39,6466,10341
2023-08-30 12:34:56,37,39,6466,10341
2023-08-30 12:34:59,37,39,6466,10347
2023-08-30 12:35:45,34,39,6466,10347
2023-08-30 12:35:45,36,39,6466,10347
2023-08-30 12:35:45,36,38,6466,10347
2023-08-30 12:35:51,36,37,6466,10347
2023-08-30 12:35:52,36,38,6466,10347
2023-08-30 12:35:56,36,37,6466,10347
2023-08-30 12:35:57,36,38,6466,10347
2023-08-30 12:35:58,36,37,6466,10347
2023-08-30 12:36:00,36,38,6466,10347
2023-08-30 12:36:09,36,37,6466,10347
2023-08-30 12:36:11,36,38,6466,10347
2023-08-30 12:36:13,36,37,6466,10347
2023-08-30 12:36:13,33,37,6466,10347
2023-08-30 12:36:13,35,37,6466,10347
2023-08-30 12:36:21,32,37,6466,10347
2023-08-30 12:36:21,34,37,6466,10347
2023-08-30 12:36:28,34,36,6466,10347
2023-08-30 12:36:29,32,36,6466,10347
2023-08-30 12:36:29,33,36,6466,10347
2023-08-30 12:36:30,33,35,6466,10347
2023-08-30 12:36:30,31,35,6466,10347
2023-08-30 12:36:30,30,35,6466,10347
2023-08-30 12:36:30,32,35,6466,10347
2023-08-30 12:36:40,32,34,6466,10347
2023-08-30 12:36:41,32,33,6466,10347
2023-08-30 12:36:42,29,33,6466,10347
2023-08-30 12:36:42,31,33,6466,10347
2023-08-30 12:36:43,31,34,6466,10347
2023-08-30 12:36:43,31,33,6466,10347
2023-08-30 12:36:43,31,33,6466,10387
2023-08-30 12:36:46,31,32,6466,10387
2023-08-30 12:36:48,28,32,6466,10387
2023-08-30 12:36:48,30,32,6466,10387
2023-08-30 12:36:51,30,31,6466,10387
2023-08-30 12:36:54,30,32,6466,10387
2023-08-30 12:36:56,30,31,6466,10387
2023-08-30 12:36:58,30,32,6466,10387
2023-08-30 12:36:59,30,31,6466,10387
2023-08-30 12:37:00,30,32,6466,10387
2023-08-30 12:37:01,30,31,6466,10387
2023-08-30 12:37:05,30,32,6466,10387
2023-08-30 12:37:08,28,32,6466,10387
2023-08-30 12:37:08,31,32,6466,10387
2023-08-30 12:37:09,28,32,6466,10387
2023-08-30 12:37:09,30,32,6466,10387
2023-08-30 12:37:14,28,32,6466,10387
2023-08-30 12:37:14,31,32,6466,10387
2023-08-30 12:37:16,28,32,6466,10387
2023-08-30 12:37:16,30,32,6466,10387
2023-08-30 12:37:17,30,31,6466,10387
2023-08-30 12:37:24,30,31,6466,10427
2023-08-30 12:37:28,27,31,6466,10427
2023-08-30 12:37:28,29,31,6466,10427
2023-08-30 12:37:29,29,30,6466,10427
2023-08-30 12:37:29,27,30,6466,10585
2023-08-30 12:37:29,26,30,6466,10585
2023-08-30 12:37:30,27,30,6466,10585
2023-08-30 12:37:31,26,30,6466,10585
2023-08-30 12:37:34,27,30,6466,10585
2023-08-30 12:37:44,27,31,6466,10585
2023-08-30 12:38:12,26,31,6466,10585
2023-08-30 12:38:14,26,30,6466,10585
2023-08-30 12:38:21,25,30,6466,10585
2023-08-30 12:38:24,25,29,6466,10585
2023-08-30 12:39:00,25,28,6466,10585
2023-08-30 12:39:01,25,27,6466,10585
2023-08-30 12:39:07,25,29,6466,10585
2023-08-30 12:39:08,25,28,6466,10585
2023-08-30 12:39:10,25,29,6466,10585
2023-08-30 12:39:10,26,29,6466,10585
2023-08-30 12:39:19,26,30,6466,10585
2023-08-30 12:39:27,26,31,6466,10585
2023-08-30 12:39:29,27,31,6466,10585
2023-08-30 12:39:45,27,30,6466,10585
2023-08-30 12:39:48,27,31,6466,10585
2023-08-30 12:40:24,28,31,6466,10585
2023-08-30 12:40:24,28,32,6466,10585
2023-08-30 12:40:42,29,32,6466,10585
2023-08-30 12:40:42,29,33,6466,10585
2023-08-30 12:40:49,29,32,6466,10585
2023-08-30 12:41:01,29,33,6466,10585
2023-08-30 12:41:05,30,33,6466,10585
2023-08-30 12:41:24,29,33,6466,10585
2023-08-30 12:41:24,29,32,6466,10585
2023-08-30 12:41:32,29,33,6466,10585
2023-08-30 12:42:14,30,33,6466,10585
2023-08-30 12:42:14,30,34,6466,10585
2023-08-30 12:42:15,31,34,6466,10585
2023-08-30 12:42:15,31,35,6466,10585
2023-08-30 12:42:52,31,34,6466,10585
2023-08-30 12:42:54,31,35,6466,10585
2023-08-30 12:43:03,32,35,6466,10585
2023-08-30 12:43:03,32,36,6466,10585
2023-08-30 12:43:12,31,36,6466,10585
2023-08-30 12:43:12,31,35,6466,10585
2023-08-30 12:44:24,32,35,6466,10585
2023-08-30 12:44:25,32,36,6466,10585
2023-08-30 12:44:29,33,36,6466,10585
2023-08-30 12:44:29,33,37,6466,10585
2023-08-30 12:44:33,33,36,6466,10585
2023-08-30 12:44:35,33,37,6466,10585
2023-08-30 12:44:55,33,36,6466,10585
2023-08-30 12:45:06,33,37,6466,10585
2023-08-30 12:45:07,33,36,6466,10585
2023-08-30 12:45:10,33,37,6466,10585
2023-08-30 12:45:13,33,36,6466,10585
2023-08-30 12:45:30,33,37,6466,10585
2023-08-30 12:45:42,33,36,6466,10585
2023-08-30 12:45:49,33,37,6466,10585
2023-08-30 12:45:53,34,37,6466,10585
2023-08-30 12:45:53,34,38,6466,10585
2023-08-30 12:46:03,34,37,6466,10585
2023-08-30 12:46:06,34,37,6467,10586
2023-08-30 12:46:06,34,36,6467,10586
2023-08-30 12:46:37,34,38,6467,10586
2023-08-30 12:46:37,34,39,6467,10586
2023-08-30 12:46:37,34,37,6467,10586
2023-08-30 12:46:39,35,37,6467,10586
2023-08-30 12:46:41,36,37,6467,10586
2023-08-30 12:46:42,37,39,6467,10587
2023-08-30 12:46:42,37,40,6467,10587
2023-08-30 12:47:31,36,40,6467,10587
2023-08-30 12:47:37,36,39,6467,10587
2023-08-30 12:47:40,35,39,6467,10587
2023-08-30 12:47:50,34,39,6467,10587
2023-08-30 12:47:50,34,38,6467,10587
2023-08-30 12:47:53,33,38,6467,10587
2023-08-30 12:47:53,33,37,6467,10587
2023-08-30 12:47:54,33,36,6467,10587
2023-08-30 12:47:55,32,36,6467,10587
2023-08-30 12:47:56,32,35,6467,10587
2023-08-30 12:47:56,31,35,6467,10587
2023-08-30 12:47:57,32,35,6467,10587
2023-08-30 12:48:01,32,36,6467,10587
2023-08-30 12:48:02,33,36,6467,10587
2023-08-30 12:48:03,32,36,6467,10587
2023-08-30 12:48:03,32,35,6467,10587
2023-08-30 12:48:07,33,35,6467,10587
2023-08-30 12:48:07,33,36,6467,10587
2023-08-30 12:48:16,32,36,6467,10587
2023-08-30 12:48:16,31,36,6467,10587
2023-08-30 12:48:16,31,35,6467,10587
2023-08-30 12:48:17,32,35,6467,10587
2023-08-30 12:48:18,31,35,6467,10587
2023-08-30 12:48:19,32,35,6467,10587
2023-08-30 12:48:34,33,35,6467,10587
2023-08-30 12:48:37,33,36,6467,10587
2023-08-30 12:49:05,32,36,6467,10587
2023-08-30 12:49:27,33,36,6467,10587
2023-08-30 12:49:29,33,37,6467,10587
2023-08-30 12:49:47,33,36,6467,10587
2023-08-30 12:49:48,33,37,6467,10587
2023-08-30 12:49:48,34,37,6467,10587
2023-08-30 12:49:54,33,37,6467,10587
2023-08-30 12:49:54,33,36,6467,10587
2023-08-30 12:50:15,31,36,6467,10587
2023-08-30 12:50:16,32,36,6467,10587
2023-08-30 12:50:21,32,35,6467,10587
2023-08-30 12:50:22,33,35,6467,10587
2023-08-30 12:50:22,33,36,6467,10587
2023-08-30 12:50:23,32,36,6467,10587
2023-08-30 12:50:25,33,36,6467,10587
2023-08-30 12:51:07,33,37,6467,10587
2023-08-30 12:51:19,33,36,6467,10587
2023-08-30 12:51:35,32,36,6467,10587
2023-08-30 12:51:36,33,36,6467,10587
2023-08-30 12:51:37,32,36,6467,10587
2023-08-30 12:51:39,33,36,6467,10587
2023-08-30 12:51:41,32,36,6467,10587
2023-08-30 12:51:42,32,35,6467,10587
2023-08-30 12:51:46,31,35,6467,10587
2023-08-30 12:51:49,32,35,6467,10587
2023-08-30 12:52:06,31,35,6467,10587
2023-08-30 12:52:10,32,35,6467,10587
2023-08-30 12:52:20,31,35,6467,10587
2023-08-30 12:52:24,30,35,6467,10587
2023-08-30 12:52:25,31,35,6467,10587
2023-08-30 12:52:32,32,35,6467,10587
2023-08-30 12:52:47,30,35,6467,10587
2023-08-30 12:52:48,31,35,6467,10587
2023-08-30 12:52:49,32,35,6467,10587
2023-08-30 12:52:52,32,34,6467,10587
2023-08-30 12:52:53,31,34,6467,10587
2023-08-30 12:53:20,29,34,6467,10587
2023-08-30 12:53:21,30,34,6467,10587
2023-08-30 12:53:22,30,33,6467,10587
2023-08-30 12:53:25,29,33,6467,10587
2023-08-30 12:53:25,28,33,6467,10587
2023-08-30 12:53:25,28,32,6467,10587
2023-08-30 12:53:26,29,32,6467,10587
2023-08-30 12:53:27,29,31,6467,10587
2023-08-30 12:53:28,27,31,6467,10587
2023-08-30 12:53:29,28,31,6467,10587
2023-08-30 12:53:30,27,31,6467,10587
2023-08-30 12:53:30,27,30,6467,10587
2023-08-30 12:53:30,26,30,6467,10587
2023-08-30 12:53:31,27,30,6467,10587
2023-08-30 12:53:47,28,30,6467,10587
2023-08-30 12:53:47,28,30,6527,10647
2023-08-30 12:54:09,27,30,6527,10647
2023-08-30 12:54:12,28,30,6527,10647
2023-08-30 12:54:13,27,30,6527,10647
2023-08-30 12:54:25,28,30,6527,10647
2023-08-30 12:54:26,27,30,6527,10647
2023-08-30 12:54:49,26,30,6527,10647
2023-08-30 12:54:49,25,30,6527,10647
2023-08-30 12:54:50,26,30,6527,10647
2023-08-30 12:54:54,26,29,6527,10647
2023-08-30 12:55:02,27,29,6527,10647
2023-08-30 12:55:02,27,29,6527,10649
2023-08-30 12:55:03,26,29,6527,10649
2023-08-30 12:55:04,27,29,6527,10649
2023-08-30 12:55:08,27,30,6527,10649
2023-08-30 12:55:12,27,29,6527,10649
2023-08-30 12:55:13,26,29,6527,10649
2023-08-30 12:55:17,27,29,6527,10649
2023-08-30 12:55:18,26,29,6527,10649
2023-08-30 12:55:19,27,29,6527,10649
2023-08-30 12:55:24,27,29,6529,10651
2023-08-30 12:55:26,26,29,6529,10651
2023-08-30 12:55:33,27,29,6529,10651
2023-08-30 12:55:34,27,30,6529,10651
2023-08-30 12:55:50,27,31,6529,10651
2023-08-30 12:55:55,27,30,6529,10651
2023-08-30 12:56:23,27,31,6529,10651
2023-08-30 12:56:24,27,30,6529,10651
2023-08-30 12:56:25,27,31,6529,10651
2023-08-30 12:56:37,27,30,6529,10651
2023-08-30 12:56:38,27,31,6529,10651
2023-08-30 12:56:41,27,30,6529,10651
2023-08-30 12:56:43,27,31,6529,10651
2023-08-30 12:56:49,28,31,6529,10651
2023-08-30 12:56:52,28,32,6529,10651
2023-08-30 12:57:03,28,31,6529,10651
2023-08-30 12:57:05,27,31,6529,10651
2023-08-30 12:57:14,28,31,6529,10651
2023-08-30 12:57:16,28,32,6529,10651
2023-08-30 12:57:22,29,32,6529,10651
2023-08-30 12:57:22,29,33,6529,10651
2023-08-30 12:57:24,30,33,6529,10651
2023-08-30 12:57:24,30,34,6529,10651
2023-08-30 12:57:25,31,34,6529,10651
2023-08-30 12:57:56,31,35,6529,10651
2023-08-30 12:58:09,32,35,6529,10651
2023-08-30 12:59:14,31,35,6529,10651
2023-08-30 12:59:14,31,34,6529,10651
2023-08-30 12:59:20,32,34,6529,10651
2023-08-30 12:59:21,32,35,6529,10651
2023-08-30 12:59:33,32,36,6529,10651
2023-08-30 12:59:33,32,35,6529,10651
2023-08-30 12:59:44,32,36,6529,10651
2023-08-30 12:59:45,32,35,6529,10651
2023-08-30 12:59:51,32,36,6529,10651
2023-08-30 12:59:52,32,35,6529,10651
2023-08-30 12:59:58,32,36,6529,10651
2023-08-30 13:00:04,32,35,6529,10651
2023-08-30 13:00:05,32,36,6529,10651
2023-08-30 13:00:06,32,35,6529,10651
2023-08-30 13:00:24,32,36,6529,10651
2023-08-30 13:00:31,32,35,6529,10651
2023-08-30 13:00:32,32,36,6529,10651
2023-08-30 13:00:33,32,35,6529,10651
2023-08-30 13:00:52,32,36,6529,10651
2023-08-30 13:00:53,32,35,6529,10651
2023-08-30 13:00:55,32,36,6529,10651
2023-08-30 13:01:00,32,35,6529,10651
2023-08-30 13:01:14,31,35,6529,10651
2023-08-30 13:01:14,31,34,6529,10651
2023-08-30 13:01:16,29,34,6529,10651
2023-08-30 13:01:17,30,34,6529,10651
2023-08-30 13:01:18,31,34,6529,10651
2023-08-30 13:01:19,30,34,6529,10651
2023-08-30 13:01:21,30,33,6529,10651
2023-08-30 13:01:34,29,33,6529,10651
2023-08-30 13:01:34,28,33,6529,10651
2023-08-30 13:01:34,28,32,6529,10651
2023-08-30 13:01:35,29,32,6529,10651
2023-08-30 13:01:40,30,32,6529,10651
2023-08-30 13:01:46,30,33,6529,10651
2023-08-30 13:02:00,30,32,6529,10651
2023-08-30 13:02:01,29,32,6529,10651
2023-08-30 13:02:01,29,33,6529,10651
2023-08-30 13:02:01,29,32,6529,10651
2023-08-30 13:02:02,30,32,6529,10651
2023-08-30 13:02:02,30,33,6529,10651
2023-08-30 13:02:04,29,33,6529,10651
2023-08-30 13:02:05,30,33,6529,10651
2023-08-30 13:03:01,30,34,6529,10651
2023-08-30 13:03:27,30,35,6529,10651
2023-08-30 13:03:41,30,34,6529,10651
2023-08-30 13:03:53,31,34,6529,10651
2023-08-30 13:03:56,31,33,6529,10651
2023-08-30 13:03:57,31,34,6529,10651
2023-08-30 13:04:04,32,34,6529,10651
2023-08-30 13:04:11,32,35,6529,10651
2023-08-30 13:04:11,32,34,6529,10651
2023-08-30 13:04:12,32,35,6529,10651
2023-08-30 13:04:27,32,36,6529,10651
2023-08-30 13:04:36,32,35,6529,10651
2023-08-30 13:05:20,31,35,6529,10651
2023-08-30 13:05:20,31,34,6529,10651
2023-08-30 13:05:30,30,34,6529,10651
2023-08-30 13:05:34,31,34,6529,10651
2023-08-30 13:05:34,31,33,6529,10651
2023-08-30 13:05:44,30,33,6529,10651
2023-08-30 13:05:46,31,33,6529,10651
2023-08-30 13:05:49,30,33,6529,10651
2023-08-30 13:05:51,31,33,6529,10651
2023-08-30 13:05:59,30,33,6529,10651
2023-08-30 13:06:04,31,33,6529,10651
2023-08-30 13:06:13,30,33,6529,10651
2023-08-30 13:06:14,29,33,6529,10651
2023-08-30 13:06:14,28,33,6529,10651
2023-08-30 13:06:15,29,33,6529,10651
2023-08-30 13:06:16,29,32,6529,10651
2023-08-30 13:06:16,29,31,6529,10651
2023-08-30 13:06:17,28,31,6529,10651
2023-08-30 13:06:21,27,31,6529,10651
2023-08-30 13:06:21,27,32,6529,10651
2023-08-30 13:06:21,27,31,6529,10651
2023-08-30 13:06:22,27,30,6529,10651
2023-08-30 13:06:27,28,30,6529,10651
2023-08-30 13:06:28,28,31,6529,10651
2023-08-30 13:06:28,28,32,6529,10651
2023-08-30 13:06:28,28,30,6529,10651
2023-08-30 13:06:28,28,32,6529,10651
2023-08-30 13:06:28,28,31,6529,10651
2023-08-30 13:06:47,28,32,6529,10651
2023-08-30 13:07:40,28,33,6529,10651
2023-08-30 13:07:40,28,32,6529,10651
2023-08-30 13:07:41,28,33,6529,10651
2023-08-30 13:07:41,29,33,6529,10651
2023-08-30 13:08:08,29,32,6529,10651
2023-08-30 13:08:52,28,31,6529,10651
2023-08-30 13:09:16,28,32,6529,10651
2023-08-30 13:09:17,27,31,6529,10651
2023-08-30 13:09:18,28,31,6529,10651
2023-08-30 13:09:21,27,31,6529,10651
2023-08-30 13:09:26,29,31,6529,10651
2023-08-30 13:09:27,29,30,6529,10651
2023-08-30 13:10:25,29,31,6529,10651
2023-08-30 13:10:36,29,32,6529,10651
2023-08-30 13:11:03,29,33,6529,10651
2023-08-30 13:11:03,29,32,6529,10651
2023-08-30 13:12:48,29,33,6529,10651
2023-08-30 13:12:49,30,33,6529,10651
2023-08-30 13:12:49,30,34,6529,10651
2023-08-30 13:12:49,30,33,6529,10651
2023-08-30 13:12:56,30,34,6529,10651
2023-08-30 13:13:08,30,33,6529,10651
2023-08-30 13:13:09,30,34,6529,10651
2023-08-30 13:13:12,30,33,6529,10651
2023-08-30 13:13:13,30,34,6529,10651
2023-08-30 13:13:20,30,33,6529,10651
2023-08-30 13:13:21,30,34,6529,10651
2023-08-30 13:13:23,31,34,6529,10651
2023-08-30 13:13:24,31,35,6529,10651
2023-08-30 13:13:30,31,34,6529,10651
2023-08-30 13:13:33,31,35,6529,10651
2023-08-30 13:13:36,31,34,6529,10651
2023-08-30 13:13:38,31,35,6529,10651
2023-08-30 13:13:39,31,34,6529,10651
2023-08-30 13:13:45,31,35,6529,10651
2023-08-30 13:13:47,31,34,6529,10651
2023-08-30 13:13:48,31,33,6529,10651
2023-08-30 13:13:49,31,34,6529,10651
2023-08-30 13:13:54,31,35,6529,10651
2023-08-30 13:13:54,31,34,6529,10651
2023-08-30 13:14:03,31,33,6529,10651
2023-08-30 13:14:15,31,34,6529,10651
2023-08-30 13:14:30,30,34,6529,10651
2023-08-30 13:14:39,29,34,6529,10651
2023-08-30 13:14:39,29,33,6529,10651
2023-08-30 13:15:03,28,33,6529,10651
2023-08-30 13:15:03,28,32,6529,10651
2023-08-30 13:15:46,28,31,6529,10651
2023-08-30 13:15:56,27,31,6529,10651
2023-08-30 13:15:57,27,30,6529,10651
2023-08-30 13:15:57,26,30,6529,10651
2023-08-30 13:15:58,26,29,6529,10651
2023-08-30 13:16:01,27,29,6529,10651
2023-08-30 13:16:02,27,30,6529,10651
2023-08-30 13:16:05,27,29,6529,10651
2023-08-30 13:16:20,27,30,6529,10651
2023-08-30 13:16:21,27,29,6529,10651
2023-08-30 13:16:25,26,29,6529,10651
2023-08-30 13:16:25,26,28,6529,10651
2023-08-30 13:16:28,25,28,6529,10651
2023-08-30 13:16:41,24,28,6529,10651
2023-08-30 13:17:00,25,28,6529,10651
2023-08-30 13:17:03,24,28,6529,10651
2023-08-30 13:17:05,25,28,6529,10651
2023-08-30 13:17:12,24,28,6529,10651
2023-08-30 13:17:13,25,28,6529,10651
2023-08-30 13:17:31,24,28,6529,10651
2023-08-30 13:17:32,25,28,6529,10651
2023-08-30 13:17:35,24,28,6529,10651
2023-08-30 13:17:36,25,28,6529,10651
2023-08-30 13:17:50,25,30,6529,10651
2023-08-30 13:17:50,25,29,6529,10651
2023-08-30 13:17:51,26,29,6529,10651
2023-08-30 13:17:52,26,30,6529,10651
2023-08-30 13:17:55,27,30,6529,10651
2023-08-30 13:17:55,27,31,6529,10651
2023-08-30 13:17:56,27,30,6529,10651
2023-08-30 13:17:57,27,31,6529,10651
2023-08-30 13:17:58,27,30,6529,10651
2023-08-30 13:18:00,27,31,6529,10651
2023-08-30 13:18:07,27,30,6529,10651
2023-08-30 13:18:18,26,30,6529,10651
2023-08-30 13:18:23,27,30,6529,10651
2023-08-30 13:18:24,27,31,6529,10651
2023-08-30 13:18:24,27,30,6529,10651
2023-08-30 13:18:25,27,31,6529,10651
2023-08-30 13:18:36,27,30,6529,10651
2023-08-30 13:18:38,27,31,6529,10651
2023-08-30 13:18:43,27,30,6529,10651
2023-08-30 13:18:46,27,31,6529,10651
2023-08-30 13:19:01,27,30,6529,10651
2023-08-30 13:19:02,27,31,6529,10651
2023-08-30 13:19:18,27,32,6529,10651
2023-08-30 13:19:18,28,32,6529,10651
2023-08-30 13:19:23,28,31,6529,10651
2023-08-30 13:19:25,27,31,6529,10651
2023-08-30 13:21:16,28,31,6529,10651
2023-08-30 13:21:27,28,32,6529,10651
2023-08-30 13:21:28,28,31,6529,10651
2023-08-30 13:21:40,27,31,6529,10651
2023-08-30 13:21:47,27,30,6529,10651
2023-08-30 13:21:51,26,30,6529,10651
2023-08-30 13:21:52,27,30,6529,10651
2023-08-30 13:21:52,27,31,6529,10651
2023-08-30 13:22:17,28,31,6529,10651
2023-08-30 13:22:52,27,31,6529,10651
2023-08-30 13:23:15,27,31,6534,10656
2023-08-30 13:23:15,27,30,6534,10656
2023-08-30 13:23:18,27,31,6534,10656
2023-08-30 13:23:18,27,29,6534,10656
2023-08-30 13:23:25,27,31,6534,10656
2023-08-30 13:23:25,27,30,6534,10656
2023-08-30 13:23:27,27,31,6534,10656
2023-08-30 13:23:27,27,29,6534,10656
2023-08-30 13:23:35,26,29,6534,10656
2023-08-30 13:23:41,26,31,6534,10656
2023-08-30 13:23:41,26,28,6534,10656
2023-08-30 13:23:50,26,31,6534,10656
2023-08-30 13:23:50,26,29,6534,10656
2023-08-30 13:23:52,27,29,6534,10656
2023-08-30 13:24:08,28,29,6534,10656
2023-08-30 13:24:30,27,29,6534,10656
2023-08-30 13:24:33,27,31,6534,10656
2023-08-30 13:24:33,27,28,6534,10656
2023-08-30 13:24:36,26,28,6534,10656
2023-08-30 13:24:36,25,28,6534,10656
2023-08-30 13:24:36,25,30,6534,10656
2023-08-30 13:24:36,25,29,6534,10656
2023-08-30 13:24:36,25,27,6534,10656
2023-08-30 13:24:37,25,29,6534,10661
2023-08-30 13:24:54,25,28,6534,10661
2023-08-30 13:24:57,25,27,6534,10661
2023-08-30 13:25:05,24,27,6404,10861
2023-08-30 13:25:05,23,27,6404,10861
2023-08-30 13:25:06,23,26,6404,10861
2023-08-30 13:25:24,24,26,6404,10861
2023-08-30 13:25:25,23,26,6404,10861
2023-08-30 13:25:29,24,26,6404,10861
2023-08-30 13:25:31,23,26,6404,10861
2023-08-30 13:25:57,24,26,6404,10861
2023-08-30 13:25:58,23,26,6404,10861
2023-08-30 13:26:00,24,26,6404,10861
2023-08-30 13:26:01,23,26,6404,10861
2023-08-30 13:26:08,24,26,6404,10861
2023-08-30 13:26:09,23,26,6404,10861
2023-08-30 13:26:18,24,26,6404,10861
2023-08-30 13:26:20,24,27,6404,10861
2023-08-30 13:26:38,24,26,6404,10861
2023-08-30 13:26:38,25,26,6404,10861
2023-08-30 13:26:44,25,27,6404,10861
2023-08-30 13:27:06,25,28,6404,10861
2023-08-30 13:27:06,26,28,6404,10861
2023-08-30 13:27:06,26,29,6404,10861
2023-08-30 13:27:07,26,28,6404,10861
2023-08-30 13:27:10,26,29,6404,10861
2023-08-30 13:27:10,26,30,6404,10861
2023-08-30 13:27:11,26,29,6404,10861
2023-08-30 13:27:12,26,28,6404,10861
2023-08-30 13:27:13,26,29,6404,10861
2023-08-30 13:27:18,26,28,6404,10861
2023-08-30 13:27:20,26,29,6404,10861
2023-08-30 13:27:21,26,28,6404,10861
2023-08-30 13:27:21,27,28,6404,10861
2023-08-30 13:27:22,27,29,6404,10861
2023-08-30 13:27:25,27,30,6404,10861
2023-08-30 13:27:26,27,29,6404,10861
2023-08-30 13:27:27,27,28,6404,10861
2023-08-30 13:27:30,27,29,6404,10861
2023-08-30 13:27:45,26,29,6404,10861
2023-08-30 13:27:54,26,28,6404,10861
2023-08-30 13:27:56,26,29,6404,11194
2023-08-30 13:27:57,26,28,6404,11194
2023-08-30 13:28:05,25,28,6404,11194
2023-08-30 13:28:31,25,29,6404,11194
2023-08-30 13:28:36,25,28,6404,11194
2023-08-30 13:28:51,25,27,6404,11194
2023-08-30 13:28:53,24,27,6404,11194
2023-08-30 13:29:00,23,27,6404,11194
2023-08-30 13:29:03,23,26,6404,11194
2023-08-30 13:29:03,22,26,6404,11194
2023-08-30 13:29:08,22,25,6404,11194
2023-08-30 13:29:12,21,25,6404,11194
2023-08-30 13:29:13,21,24,6404,11194
2023-08-30 13:29:22,21,25,6404,11194
2023-08-30 13:29:31,21,24,6404,11194
2023-08-30 13:29:33,20,24,6404,11194
2023-08-30 13:29:34,20,23,6404,11194
2023-08-30 13:29:41,21,23,6404,11194
2023-08-30 13:29:46,21,24,6404,11194
2023-08-30 13:30:08,20,24,6404,11194
2023-08-30 13:30:09,21,24,6404,11194
2023-08-30 13:30:51,21,25,6404,11194
2023-08-30 13:30:52,22,25,6404,11194
2023-08-30 13:30:56,22,26,6404,11194
2023-08-30 13:31:01,23,26,6404,11194
2023-08-30 13:31:04,23,27,6404,11194
2023-08-30 13:31:13,23,26,6404,11194
2023-08-30 13:31:15,23,27,6404,11194
2023-08-30 13:31:15,24,27,6404,11194
2023-08-30 13:31:17,24,28,6404,11194
2023-08-30 13:31:17,24,29,6404,11194
2023-08-30 13:31:18,24,28,6404,11194
2023-08-30 13:31:19,25,28,6404,11194
2023-08-30 13:31:22,26,28,6404,11194
2023-08-30 13:31:23,26,29,6404,11194
2023-08-30 13:31:25,27,29,6404,11194
2023-08-30 13:31:31,27,30,6404,11194
2023-08-30 13:31:36,27,29,6404,11194
2023-08-30 13:31:39,27,30,6404,11194
2023-08-30 13:32:29,27,29,6404,11194
2023-08-30 13:32:36,27,30,6404,11194
2023-08-30 13:32:48,27,29,6404,11194
2023-08-30 13:32:49,27,30,6404,11194
2023-08-30 13:33:04,29,30,6404,11194
2023-08-30 13:33:27,29,31,6404,11194
2023-08-30 13:33:31,29,30,6404,11194
2023-08-30 13:34:19,29,31,6404,11194
2023-08-30 13:34:32,29,32,6404,11194
2023-08-30 13:34:42,29,31,6404,11194
2023-08-30 13:34:43,29,32,6404,11194
2023-08-30 13:34:47,28,32,6404,11194
2023-08-30 13:34:56,28,31,6404,11194
2023-08-30 13:35:06,27,31,6404,11194
2023-08-30 13:35:06,30,31,6404,11194
2023-08-30 13:35:07,27,31,6404,11249
2023-08-30 13:35:08,27,30,6404,11249
2023-08-30 13:35:23,28,30,6404,11249
2023-08-30 13:35:24,30,31,6414,11259
2023-08-30 13:35:34,30,32,6414,11259
2023-08-30 13:35:52,28,32,6414,11259
2023-08-30 13:35:55,28,31,6414,11259
2023-08-30 13:36:02,27,31,6414,11259
2023-08-30 13:36:07,28,31,6414,11259
2023-08-30 13:36:08,27,31,6414,11259
2023-08-30 13:36:14,27,30,6414,11259
2023-08-30 13:36:16,26,30,6414,11259
2023-08-30 13:36:20,28,30,6414,11259
2023-08-30 13:36:26,28,29,6414,11259
2023-08-30 13:36:28,28,30,6414,11259
2023-08-30 13:36:37,28,29,6414,11259
2023-08-30 13:36:37,26,29,6414,11370
2023-08-30 13:36:37,25,29,6414,11370
2023-08-30 13:36:40,25,28,6414,11370
2023-08-30 13:36:50,26,28,6414,11370
2023-08-30 13:37:00,26,29,6414,11370
2023-08-30 13:37:01,26,30,6414,11370
2023-08-30 13:37:02,26,29,6414,11370
2023-08-30 13:37:03,26,30,6414,11370
2023-08-30 13:37:06,27,30,6414,11370
2023-08-30 13:37:12,26,30,6414,11370
2023-08-30 13:37:13,27,30,6414,11370
2023-08-30 13:37:29,27,31,6414,11370
2023-08-30 13:37:29,28,31,6414,11370
2023-08-30 13:37:29,28,32,6414,11370
2023-08-30 13:37:37,28,31,6414,11370
2023-08-30 13:37:37,28,32,6414,11370
2023-08-30 13:37:48,29,32,6414,11370
2023-08-30 13:37:48,29,33,6414,11370
2023-08-30 13:37:53,29,32,6414,11370
2023-08-30 13:37:55,29,33,6414,11370
2023-08-30 13:37:55,29,32,6414,11370
2023-08-30 13:37:55,29,33,6414,11370
2023-08-30 13:38:00,30,33,6414,11370
2023-08-30 13:38:06,29,33,6414,11370
2023-08-30 13:38:11,29,33,6414,11385
2023-08-30 13:38:12,29,32,6414,11385
2023-08-30 13:38:19,29,33,6414,11385
2023-08-30 13:38:21,29,32,6414,11385
2023-08-30 13:38:21,28,32,6414,11385
2023-08-30 13:38:22,28,31,6414,11385
2023-08-30 13:38:22,29,31,6414,11385
2023-08-30 13:38:38,29,32,6414,11385
2023-08-30 13:38:41,29,31,6414,11385
2023-08-30 13:38:45,29,32,6414,11385
2023-08-30 13:38:46,29,31,6414,11385
2023-08-30 13:38:47,29,32,6414,11385
2023-08-30 13:38:49,29,31,6414,11385
2023-08-30 13:38:54,28,31,6414,11385
2023-08-30 13:38:54,30,31,6414,11385
2023-08-30 13:39:02,30,31,6416,11387
2023-08-30 13:39:02,30,32,6416,11579
2023-08-30 13:39:03,30,31,6416,11579
2023-08-30 13:39:15,30,32,6416,11579
2023-08-30 13:39:19,30,33,6416,11579
2023-08-30 13:39:19,30,32,6416,11579
2023-08-30 13:39:20,30,31,6416,11579
2023-08-30 13:39:25,30,32,6416,11579
2023-08-30 13:39:26,30,31,6416,11579
2023-08-30 13:39:36,30,32,6416,11579
2023-08-30 13:39:38,30,33,6416,11579
2023-08-30 13:39:38,30,32,6416,11579
2023-08-30 13:39:38,30,33,6416,11579
2023-08-30 13:39:39,30,32,6416,11579
2023-08-30 13:39:50,30,33,6416,11579
2023-08-30 13:39:54,30,32,6416,11579
2023-08-30 13:40:28,28,32,6416,11579
2023-08-30 13:40:29,29,32,6416,11579
2023-08-30 13:40:42,28,32,6416,11579
2023-08-30 13:40:42,28,31,6416,11579
2023-08-30 13:40:49,27,31,6416,11579
2023-08-30 13:40:53,28,31,6416,11579
2023-08-30 13:40:53,28,32,6416,11579
2023-08-30 13:40:56,28,31,6416,11579
2023-08-30 13:40:57,28,32,6416,11579
2023-08-30 13:41:17,27,32,6416,11579
2023-08-30 13:41:18,28,32,6416,11579
2023-08-30 13:41:21,28,31,6416,11579
2023-08-30 13:41:23,28,32,6416,11579
2023-08-30 13:41:30,28,31,6416,11579
2023-08-30 13:41:42,28,32,6416,11579
2023-08-30 13:41:43,28,31,6416,11579
2023-08-30 13:41:55,28,32,6416,11579
2023-08-30 13:42:38,28,31,6416,11579
2023-08-30 13:42:40,27,31,6416,11579
2023-08-30 13:42:40,27,30,6416,11579
2023-08-30 13:42:46,26,30,6416,11579
2023-08-30 13:42:51,27,30,6416,11579
2023-08-30 13:44:47,26,30,6416,11579
2023-08-30 13:44:51,27,30,6416,11579
2023-08-30 13:44:52,26,30,6416,11579
2023-08-30 13:44:57,27,30,6416,11579
2023-08-30 13:45:24,27,31,6416,11579
2023-08-30 13:45:25,28,31,6416,11579
2023-08-30 13:45:25,28,32,6416,11579
2023-08-30 13:45:35,28,31,6416,11579
2023-08-30 13:45:38,28,32,6416,11579
2023-08-30 13:45:40,27,32,6416,11579
2023-08-30 13:45:40,27,31,6416,11579
2023-08-30 13:45:41,27,30,6416,11579
2023-08-30 13:45:41,27,28,6446,11609
2023-08-30 13:45:41,24,28,6446,11609
2023-08-30 13:45:41,24,30,6591,11809
2023-08-30 13:45:41,25,30,6591,11809
2023-08-30 13:45:41,25,29,6591,11809
2023-08-30 13:45:42,24,29,6591,11809
2023-08-30 13:45:42,24,28,6591,11809
2023-08-30 13:45:42,24,27,6591,11809
2023-08-30 13:45:42,24,26,6591,11809
2023-08-30 13:45:43,25,26,6591,11809
2023-08-30 13:45:43,25,27,6911,12159
2023-08-30 13:45:44,25,28,6911,12159
2023-08-30 13:45:44,26,28,6911,12159
2023-08-30 13:45:45,26,28,6911,12237
2023-08-30 13:45:45,26,28,6911,12237
2023-08-30 13:45:45,26,28,7261,12587
2023-08-30 13:45:47,26,29,7261,12587
2023-08-30 13:45:49,27,29,7261,12587
2023-08-30 13:45:52,26,29,7261,12587
2023-08-30 13:45:56,26,30,7261,12587
2023-08-30 13:45:56,27,30,7261,12587
2023-08-30 13:45:58,27,29,7261,12587
2023-08-30 13:46:03,27,30,7261,12587
2023-08-30 13:46:07,27,29,7261,12587
2023-08-30 13:46:18,26,29,7261,12587
2023-08-30 13:46:26,26,29,6861,12987
2023-08-30 13:46:26,24,29,6861,12987
2023-08-30 13:46:26,23,29,6861,12987
2023-08-30 13:46:26,23,28,6861,12987
2023-08-30 13:46:26,25,28,6861,12987
2023-08-30 13:46:29,23,28,6861,12987
2023-08-30 13:46:29,22,28,6861,12987
2023-08-30 13:46:29,24,27,6861,12987
2023-08-30 13:46:32,25,27,6861,12987
2023-08-30 13:46:33,25,28,6861,12987
2023-08-30 13:47:01,25,27,6861,12987
2023-08-30 13:47:01,24,27,6861,12987
2023-08-30 13:47:02,24,28,6861,12987
2023-08-30 13:47:03,24,25,6861,12987
2023-08-30 13:47:13,24,28,6961,13087
2023-08-30 13:47:13,25,28,6961,13087
2023-08-30 13:47:38,25,27,6961,13087
2023-08-30 13:47:40,23,27,6961,13087
2023-08-30 13:47:40,22,27,6961,13087
2023-08-30 13:47:40,24,27,6961,13087
2023-08-30 13:48:32,22,27,6961,13087
2023-08-30 13:48:32,22,26,6961,13087
2023-08-30 13:48:32,23,26,6961,13087
2023-08-30 13:48:34,23,25,6961,13087
2023-08-30 13:48:42,21,25,6769,13279
2023-08-30 13:48:42,20,25,6769,13279
2023-08-30 13:48:43,20,24,6769,13279
2023-08-30 13:48:45,21,24,6769,13279
2023-08-30 13:48:56,21,25,6769,13279
2023-08-30 13:48:59,21,25,6774,13284
2023-08-30 13:49:08,22,25,6774,13284
2023-08-30 13:49:09,22,26,6774,13284
2023-08-30 13:49:14,22,25,6774,13284
2023-08-30 13:49:16,22,26,6774,13284
2023-08-30 13:49:17,22,25,6774,13284
2023-08-30 13:49:23,22,26,6774,13284
2023-08-30 13:49:31,22,25,6774,13284
2023-08-30 13:49:33,22,26,6774,13284
2023-08-30 13:49:50,22,25,6774,13284
2023-08-30 13:49:55,22,26,6774,13284
2023-08-30 13:50:01,22,25,6774,13284
2023-08-30 13:50:22,21,25,6774,13284
2023-08-30 13:50:23,21,24,6774,13284
2023-08-30 13:50:32,20,24,6774,13284
2023-08-30 13:50:33,20,23,6774,13284
2023-08-30 13:50:34,20,24,6774,13284
2023-08-30 13:50:37,20,23,6774,13284
2023-08-30 13:50:43,19,23,6774,13284
2023-08-30 13:50:45,20,23,6774,13284
2023-08-30 13:50:46,19,23,6774,13284
2023-08-30 13:50:47,20,23,6774,13284
2023-08-30 13:51:02,19,23,6774,13284
2023-08-30 13:51:06,19,22,6774,13284
2023-08-30 13:51:08,18,22,6774,13284
2023-08-30 13:51:12,19,22,6774,13284
2023-08-30 13:51:16,18,22,6774,13284
2023-08-30 13:51:18,18,21,6774,13284
2023-08-30 13:51:22,19,21,6774,13284
2023-08-30 13:51:22,19,22,6774,13284
2023-08-30 13:51:33,18,22,6774,13284
2023-08-30 13:51:34,19,22,6774,13284
2023-08-30 13:51:42,18,22,6774,13284
2023-08-30 13:51:44,19,22,6774,13284
2023-08-30 13:51:47,18,22,6774,13284
2023-08-30 13:51:53,18,21,6774,13284
2023-08-30 13:51:54,17,21,6774,13284
2023-08-30 13:51:55,18,21,6774,13284
2023-08-30 13:51:56,17,21,6774,13284
2023-08-30 13:52:01,17,20,6774,13284
2023-08-30 13:52:02,16,20,6774,13284
2023-08-30 13:52:02,15,20,6774,13284
2023-08-30 13:52:02,15,19,6774,13284
2023-08-30 13:52:03,15,18,6774,13284
2023-08-30 13:52:05,15,19,6774,13284
2023-08-30 13:52:05,15,18,6774,13284
2023-08-30 13:52:06,15,17,6774,13284
2023-08-30 13:52:08,14,17,6774,13284
2023-08-30 13:52:08,15,17,6774,13284
2023-08-30 13:52:19,14,17,6774,13284
2023-08-30 13:52:19,14,17,6774,13284
2023-08-30 13:52:20,14,16,6774,13284
2023-08-30 13:52:21,14,15,6774,13284
2023-08-30 13:52:23,13,15,6774,13284
2023-08-30 13:52:23,12,15,6774,13284
2023-08-30 13:52:24,13,15,6774,13284
2023-08-30 13:52:28,13,16,6774,13284
2023-08-30 13:52:29,14,16,6774,13284
2023-08-30 13:52:32,14,17,6774,13284
2023-08-30 13:52:50,14,16,6774,13284
2023-08-30 13:53:01,14,17,6774,13284
2023-08-30 13:53:07,14,18,6774,13284
2023-08-30 13:53:08,15,18,6774,13284
2023-08-30 13:53:38,14,18,6774,13284
2023-08-30 13:53:41,14,17,6774,13284
2023-08-30 13:53:44,14,18,6774,13284
2023-08-30 13:53:44,15,18,6774,13284
2023-08-30 13:53:51,15,19,6774,13284
2023-08-30 13:53:55,15,18,6774,13284
2023-08-30 13:54:06,14,18,6774,13284
2023-08-30 13:54:20,14,17,6774,13284
2023-08-30 13:54:24,13,17,6774,13284
2023-08-30 13:54:25,14,17,6774,13284
2023-08-30 13:54:44,13,17,6774,13284
2023-08-30 13:54:44,13,16,6774,13284
2023-08-30 13:54:58,14,16,6774,13284
2023-08-30 13:55:04,14,17,6774,13284
2023-08-30 13:55:17,13,17,6774,13284
2023-08-30 13:55:20,13,16,6774,13284
2023-08-30 13:55:26,12,16,6774,13284
2023-08-30 13:55:27,13,16,6774,13284
2023-08-30 13:55:28,12,16,6774,13284
2023-08-30 13:55:38,13,16,6774,13284
2023-08-30 13:55:44,12,16,6774,13284
2023-08-30 13:55:48,13,16,6774,13284
2023-08-30 13:55:51,12,16,6774,13284
2023-08-30 13:55:52,12,15,6774,13284
2023-08-30 13:56:03,12,14,6774,13284
2023-08-30 13:56:05,12,15,6774,13284
2023-08-30 13:56:24,13,15,6774,13284
2023-08-30 13:56:26,13,15,6804,13314
2023-08-30 13:56:32,12,15,6804,13314
2023-08-30 13:56:38,12,14,6804,13314
2023-08-30 13:56:47,12,13,6804,13314
2023-08-30 13:56:56,11,13,6804,13564
2023-08-30 13:56:59,11,12,6804,13564
2023-08-30 13:57:00,11,13,6804,13801
2023-08-30 13:57:02,11,12,6804,13801
2023-08-30 13:57:05,9,12,6859,14001
2023-08-30 13:57:06,10,12,6859,14001
2023-08-30 13:57:08,9,12,6859,14001
2023-08-30 13:57:09,10,12,6859,14001
2023-08-30 13:57:17,9,12,6859,14001
2023-08-30 13:57:27,10,12,6859,14001
2023-08-30 13:57:28,9,12,6859,14001
2023-08-30 13:57:34,9,11,6859,14001
2023-08-30 13:57:36,9,12,6859,14001
2023-08-30 13:57:37,9,11,6859,14001
2023-08-30 13:57:38,9,12,6859,14183
2023-08-30 13:57:40,9,11,6859,14183
2023-08-30 13:57:41,9,12,6859,14367
2023-08-30 13:57:45,10,12,6859,14367
2023-08-30 13:58:07,9,12,6859,14367
2023-08-30 13:58:17,9,11,6859,14367
2023-08-30 13:58:20,9,12,6859,14367
2023-08-30 13:58:25,10,12,6859,14367
2023-08-30 13:58:27,9,12,6859,14367
2023-08-30 13:58:30,10,12,6859,14367
2023-08-30 13:58:43,11,12,6859,14367
2023-08-30 13:58:43,11,13,6859,14367
2023-08-30 13:58:45,11,13,6979,14487
2023-08-30 13:58:46,11,13,7009,14517
2023-08-30 13:58:51,11,14,7009,14517
2023-08-30 13:58:55,11,13,7009,14517
2023-08-30 13:58:57,11,14,7009,14517
2023-08-30 13:58:58,12,14,7009,14517
2023-08-30 13:59:00,12,14,7089,14597
2023-08-30 13:59:09,12,15,7089,14597
2023-08-30 13:59:13,12,16,7089,14597
2023-08-30 13:59:14,13,16,7089,14597
2023-08-30 13:59:15,13,17,7089,14597
2023-08-30 13:59:16,13,16,7089,14597
2023-08-30 13:59:18,13,17,7089,14597
2023-08-30 13:59:19,13,16,7089,14597
2023-08-30 13:59:20,13,17,7089,14597
2023-08-30 13:59:21,14,17,7089,14597
2023-08-30 13:59:32,14,16,7089,14597
2023-08-30 13:59:33,14,17,7089,14597
2023-08-30 13:59:43,15,17,7089,14597
2023-08-30 13:59:44,16,18,7089,14597
2023-08-30 13:59:44,16,18,7129,14637
2023-08-30 13:59:53,15,18,7129,14637
2023-08-30 13:59:53,15,17,7129,14637
2023-08-30 13:59:54,15,18,7129,14637
2023-08-30 13:59:55,15,17,7129,14637
2023-08-30 14:00:01,14,17,7129,14637
2023-08-30 14:00:02,15,17,7129,14637
2023-08-30 14:00:05,14,17,7129,14637
2023-08-30 14:00:12,15,17,7129,14637
2023-08-30 14:00:13,15,18,7129,14637
2023-08-30 14:00:20,16,18,7129,14637
2023-08-30 14:00:20,16,18,7159,14667
2023-08-30 14:00:34,15,18,7159,14667
2023-08-30 14:00:34,15,17,7159,14667
2023-08-30 14:00:50,14,17,7159,14667
2023-08-30 14:00:51,14,16,7159,14667
2023-08-30 14:00:53,14,18,7159,14667
2023-08-30 14:00:53,14,17,7159,14667
2023-08-30 14:01:02,14,16,7159,14667
2023-08-30 14:01:07,14,17,7159,14667
2023-08-30 14:01:07,14,15,7159,14667
2023-08-30 14:01:11,14,17,7159,14697
2023-08-30 14:01:19,13,17,7159,14697
2023-08-30 14:01:19,12,17,7159,14697
2023-08-30 14:01:19,12,16,7159,14697
2023-08-30 14:01:20,13,16,7159,14697
2023-08-30 14:01:25,12,16,7159,14697
2023-08-30 14:01:28,12,15,7159,14697
2023-08-30 14:01:34,11,15,7159,14697
2023-08-30 14:01:36,12,15,7159,14697
2023-08-30 14:01:37,11,15,7159,14697
2023-08-30 14:01:46,12,15,7159,14697
2023-08-30 14:01:47,11,15,7159,14697
2023-08-30 14:01:48,12,15,7159,14697
2023-08-30 14:01:54,12,14,7159,14697
2023-08-30 14:01:57,11,14,7159,14697
2023-08-30 14:02:00,11,13,7159,14697
2023-08-30 14:02:01,10,13,7159,14697
2023-08-30 14:02:03,11,13,7159,14697
2023-08-30 14:02:18,10,13,7159,14697
2023-08-30 14:02:24,11,13,7159,14697
2023-08-30 14:02:40,11,14,7159,14697
2023-08-30 14:02:52,10,14,7159,14697
2023-08-30 14:02:55,11,14,7159,14697
2023-08-30 14:02:58,10,14,7159,14697
2023-08-30 14:03:01,10,13,7159,14697
2023-08-30 14:03:02,10,12,7159,14697
2023-08-30 14:03:12,10,13,7159,14697
2023-08-30 14:03:13,11,13,7159,14697
2023-08-30 14:03:17,11,14,7159,14697
2023-08-30 14:03:25,12,14,7159,14697
2023-08-30 14:03:39,12,15,7159,14697
2023-08-30 14:04:04,11,15,7159,14697
2023-08-30 14:04:05,11,14,7159,14697
2023-08-30 14:04:46,11,14,7164,14702
2023-08-30 14:04:46,11,13,7164,14702
2023-08-30 14:05:11,11,14,7164,14702
2023-08-30 14:05:11,11,12,7164,14702
2023-08-30 14:05:12,11,14,7164,14702
2023-08-30 14:05:12,11,13,7164,14702
2023-08-30 14:05:23,11,14,7164,14702
2023-08-30 14:05:23,11,12,7164,14702
2023-08-30 14:05:24,11,14,7164,14707
2023-08-30 14:05:26,10,14,7164,14707
2023-08-30 14:05:26,10,13,7164,14707
2023-08-30 14:05:33,9,13,7164,14707
2023-08-30 14:05:33,9,12,7164,14707
2023-08-30 14:05:44,10,12,7164,14707
2023-08-30 14:05:45,9,12,7164,14707
2023-08-30 14:05:45,9,11,7164,14707
2023-08-30 14:05:46,9,11,7514,15057
2023-08-30 14:05:47,9,12,7514,15057
2023-08-30 14:05:48,10,12,7514,15057
2023-08-30 14:05:48,10,12,7514,15117
2023-08-30 14:05:55,9,12,7514,15117
2023-08-30 14:05:55,9,11,7514,15117
2023-08-30 14:06:02,9,12,7514,15117
2023-08-30 14:06:03,10,12,7514,15117
2023-08-30 14:07:07,10,12,7514,15177
2023-08-30 14:07:08,9,12,7514,15177
2023-08-30 14:07:15,9,11,7514,15177
2023-08-30 14:07:21,9,10,7514,15177
2023-08-30 14:07:21,9,10,7634,15297
2023-08-30 14:07:21,9,10,7654,15317
2023-08-30 14:07:21,9,10,7684,15347
2023-08-30 14:07:25,8,10,7764,15427
2023-08-30 14:07:32,8,11,7764,15427
2023-08-30 14:07:37,8,10,7764,15427
2023-08-30 14:07:40,8,10,7814,15675
2023-08-30 14:07:42,7,10,7814,15707
2023-08-30 14:07:43,8,10,7814,15707
2023-08-30 14:07:43,8,10,7927,15820
2023-08-30 14:07:43,8,10,7957,15850
2023-08-30 14:07:43,8,10,7987,15880
2023-08-30 14:07:43,8,10,8017,15910
2023-08-30 14:07:44,7,10,8017,15910
2023-08-30 14:07:46,8,10,8017,15910
2023-08-30 14:07:46,8,10,8047,15940
2023-08-30 14:07:46,8,10,8077,15970
2023-08-30 14:07:46,8,10,8107,16000
2023-08-30 14:07:48,8,10,8137,16030
2023-08-30 14:07:48,8,10,8167,16060
2023-08-30 14:07:48,8,10,8197,16090
2023-08-30 14:07:48,8,10,8227,16120
2023-08-30 14:07:50,7,10,8239,16132
2023-08-30 14:07:51,8,10,8239,16132
2023-08-30 14:07:53,7,10,8239,16132
2023-08-30 14:08:18,7,11,8239,16132
2023-08-30 14:08:19,8,11,8239,16132
2023-08-30 14:08:20,7,11,8239,16132
2023-08-30 14:08:31,7,10,8239,16132
2023-08-30 14:09:05,8,10,8239,16132
2023-08-30 14:09:10,8,11,8239,16132
2023-08-30 14:09:38,7,11,8239,16132
2023-08-30 14:09:50,7,10,8239,16132
2023-08-30 14:10:15,7,9,8239,16132
2023-08-30 14:10:18,6,9,8239,16132
2023-08-30 14:10:19,7,9,8239,16132
2023-08-30 14:10:20,6,9,8239,16132
2023-08-30 14:10:20,6,8,8239,16132
2023-08-30 14:10:22,7,8,8239,16132
2023-08-30 14:10:22,7,9,8239,16132
2023-08-30 14:10:26,6,9,8239,16132
2023-08-30 14:10:32,7,9,8239,16132
2023-08-30 14:10:43,7,10,8239,16132
2023-08-30 14:10:48,7,10,8244,16137
2023-08-30 14:10:51,7,11,8244,16137
2023-08-30 14:10:55,7,10,8244,16137
2023-08-30 14:10:56,7,11,8244,16137
2023-08-30 14:10:57,6,11,8244,16137
