datetime,bid,ask,open_interest,volume
2023-09-19 09:31:00,30,40,831,1227
2023-09-19 09:31:00,30,35,831,1227
2023-09-19 09:31:00,30,32,831,1227
2023-09-19 09:31:01,30,31,831,1227
2023-09-19 09:31:02,28,31,831,1227
2023-09-19 09:31:03,28,30,831,1227
2023-09-19 09:31:04,28,31,831,1227
2023-09-19 09:31:06,28,30,831,1227
2023-09-19 09:31:08,28,31,831,1227
2023-09-19 09:31:08,28,30,831,1227
2023-09-19 09:31:15,27,30,831,1227
2023-09-19 09:31:19,28,30,831,1227
2023-09-19 09:31:29,28,31,831,1227
2023-09-19 09:31:32,28,30,831,1227
2023-09-19 09:31:33,28,31,831,1227
2023-09-19 09:31:41,28,30,831,1227
2023-09-19 09:31:43,28,31,831,1227
2023-09-19 09:31:47,29,31,831,1227
2023-09-19 09:31:49,29,32,831,1227
2023-09-19 09:31:53,30,32,831,1227
2023-09-19 09:32:02,30,33,831,1227
2023-09-19 09:32:03,30,33,831,1227
2023-09-19 09:32:04,31,33,831,1227
2023-09-19 09:32:11,31,34,831,1227
2023-09-19 09:32:12,32,34,831,1227
2023-09-19 09:32:15,31,34,831,1227
2023-09-19 09:32:41,31,33,831,1227
2023-09-19 09:32:42,30,33,831,1227
2023-09-19 09:32:44,30,32,831,1227
2023-09-19 09:33:00,31,32,831,1227
2023-09-19 09:33:02,31,33,831,1227
2023-09-19 09:33:04,31,34,831,1227
2023-09-19 09:33:06,31,33,831,1227
2023-09-19 09:33:07,31,34,831,1227
2023-09-19 09:33:08,31,33,831,1227
2023-09-19 09:33:09,31,34,831,1227
2023-09-19 09:33:13,32,34,831,1227
2023-09-19 09:33:17,31,34,831,1227
2023-09-19 09:33:18,31,33,831,1227
2023-09-19 09:33:20,31,34,831,1227
2023-09-19 09:33:24,31,33,831,1227
2023-09-19 09:33:41,31,32,831,1227
2023-09-19 09:33:43,30,32,831,1232
2023-09-19 09:33:45,30,31,831,1232
2023-09-19 09:33:46,29,31,831,1232
2023-09-19 09:34:03,28,31,831,1232
2023-09-19 09:34:08,29,31,831,1232
2023-09-19 09:34:14,29,32,831,1232
2023-09-19 09:34:15,30,32,831,1232
2023-09-19 09:34:16,29,32,831,1232
2023-09-19 09:34:17,30,32,831,1232
2023-09-19 09:34:18,29,32,831,1232
2023-09-19 09:34:32,30,32,831,1232
2023-09-19 09:34:33,30,33,831,1232
2023-09-19 09:34:41,30,32,831,1232
2023-09-19 09:34:42,30,33,831,1232
2023-09-19 09:34:42,30,32,831,1232
2023-09-19 09:34:44,30,33,831,1232
2023-09-19 09:34:51,31,33,831,1232
2023-09-19 09:34:51,31,34,831,1232
2023-09-19 09:34:57,31,33,831,1232
2023-09-19 09:34:59,31,34,831,1232
2023-09-19 09:35:01,31,33,831,1232
2023-09-19 09:35:01,30,33,831,1232
2023-09-19 09:35:02,31,33,831,1232
2023-09-19 09:35:03,31,34,831,1232
2023-09-19 09:35:05,31,33,831,1232
2023-09-19 09:35:06,31,34,831,1232
2023-09-19 09:35:08,32,34,831,1232
2023-09-19 09:35:12,33,34,831,1232
2023-09-19 09:35:20,33,34,1051,1565
2023-09-19 09:35:21,33,35,1051,1565
2023-09-19 09:35:21,33,34,1051,1565
2023-09-19 09:35:22,33,35,1051,1565
2023-09-19 09:35:30,33,34,1051,1565
2023-09-19 09:35:45,33,35,1051,1565
2023-09-19 09:35:52,33,34,1051,1565
2023-09-19 09:35:54,33,35,1051,1565
2023-09-19 09:35:57,32,35,1051,1565
2023-09-19 09:35:57,34,35,1051,1565
2023-09-19 09:36:01,32,34,1051,1698
2023-09-19 09:36:01,31,34,1051,1698
2023-09-19 09:36:06,31,33,1051,1698
2023-09-19 09:36:07,30,33,1051,1698
2023-09-19 09:36:08,31,33,1051,1698
2023-09-19 09:36:11,32,33,1051,1698
2023-09-19 09:36:12,32,34,1051,1698
2023-09-19 09:36:16,32,35,1051,1698
2023-09-19 09:36:18,32,34,1051,1698
2023-09-19 09:36:19,32,35,1051,1698
2023-09-19 09:36:20,31,35,1051,1698
2023-09-19 09:36:22,32,34,1051,1698
2023-09-19 09:36:28,31,34,1051,1698
2023-09-19 09:36:28,31,33,1051,1698
2023-09-19 09:36:53,30,33,1051,1698
2023-09-19 09:36:54,31,33,1051,1698
2023-09-19 09:37:04,30,33,1051,1698
2023-09-19 09:37:06,31,33,1051,1698
2023-09-19 09:37:09,32,33,1051,1698
2023-09-19 09:37:31,31,33,1051,1698
2023-09-19 09:37:36,30,33,1051,1698
2023-09-19 09:37:38,31,33,1051,1698
2023-09-19 09:37:39,30,33,1051,1698
2023-09-19 09:37:40,31,33,1051,1698
2023-09-19 09:37:42,32,33,1051,1698
2023-09-19 09:37:57,32,33,1051,1704
2023-09-19 09:38:00,32,35,1051,1704
2023-09-19 09:38:02,33,35,1051,1704
2023-09-19 09:38:06,32,35,1051,1704
2023-09-19 09:38:08,33,35,1051,1704
2023-09-19 09:38:14,34,35,1051,1704
2023-09-19 09:38:15,34,36,1051,1704
2023-09-19 09:38:32,33,36,1051,1704
2023-09-19 09:38:33,34,36,1051,1704
2023-09-19 09:38:37,33,36,1051,1704
2023-09-19 09:38:38,33,35,1051,1704
2023-09-19 09:38:41,32,35,1051,1704
2023-09-19 09:38:42,32,34,1051,1704
2023-09-19 09:38:43,32,35,1051,1704
2023-09-19 09:38:49,33,35,1051,1704
2023-09-19 09:38:54,34,35,1051,1704
2023-09-19 09:38:54,34,36,1051,1704
2023-09-19 09:38:57,33,36,1051,1704
2023-09-19 09:38:59,33,35,1051,1704
2023-09-19 09:39:10,32,35,1051,1704
2023-09-19 09:39:11,33,35,1051,1704
2023-09-19 09:39:14,32,35,1051,1704
2023-09-19 09:39:15,32,34,1051,1704
2023-09-19 09:39:18,32,35,1051,1704
2023-09-19 09:39:27,33,35,1051,1704
2023-09-19 09:39:30,33,36,1051,1704
2023-09-19 09:39:35,34,36,1051,1704
2023-09-19 09:39:50,35,36,1051,1704
2023-09-19 09:39:59,34,36,1051,1704
2023-09-19 09:40:01,33,36,1051,1704
2023-09-19 09:40:04,34,36,1051,1704
2023-09-19 09:40:16,34,37,1251,1904
2023-09-19 09:40:17,35,37,1251,1904
2023-09-19 09:40:31,34,37,1251,1904
2023-09-19 09:40:31,34,36,1251,1904
2023-09-19 09:40:35,34,37,1251,1904
2023-09-19 09:40:36,34,36,1251,1904
2023-09-19 09:40:41,34,37,1251,1904
2023-09-19 09:40:42,34,36,1251,1904
2023-09-19 09:40:54,33,36,1251,1904
2023-09-19 09:40:56,34,36,1251,1904
2023-09-19 09:40:57,33,36,1251,1904
2023-09-19 09:41:01,34,36,1251,1904
2023-09-19 09:41:11,34,37,1251,1904
2023-09-19 09:41:12,35,37,1251,1904
2023-09-19 09:41:19,34,37,1251,1904
2023-09-19 09:41:23,35,37,1251,1904
2023-09-19 09:41:35,36,37,1251,1904
2023-09-19 09:41:37,36,38,1251,1904
2023-09-19 09:42:09,35,38,1251,1904
2023-09-19 09:42:09,35,37,1251,1904
2023-09-19 09:42:10,35,38,1251,1904
2023-09-19 09:42:12,35,37,1251,1904
2023-09-19 09:42:13,35,38,1251,1904
2023-09-19 09:42:42,35,37,1251,1904
2023-09-19 09:42:43,34,37,1251,1904
2023-09-19 09:42:46,35,37,1251,1904
2023-09-19 09:42:54,35,38,1251,1904
2023-09-19 09:43:02,35,37,1251,1904
2023-09-19 09:43:08,34,37,1251,1904
2023-09-19 09:43:09,34,36,1251,1904
2023-09-19 09:43:10,34,37,1251,1904
2023-09-19 09:43:12,34,36,1251,1904
2023-09-19 09:43:17,33,36,1251,1904
2023-09-19 09:43:18,33,35,1251,1904
2023-09-19 09:43:19,32,35,1251,1904
2023-09-19 09:43:20,33,35,1251,1904
2023-09-19 09:43:22,32,35,1251,1904
2023-09-19 09:43:23,33,35,1251,1904
2023-09-19 09:43:30,33,36,1251,1904
2023-09-19 09:43:39,33,35,1251,1904
2023-09-19 09:43:40,32,35,1251,1904
2023-09-19 09:43:41,33,35,1251,1904
2023-09-19 09:43:42,32,35,1251,1904
2023-09-19 09:43:43,33,35,1251,1904
2023-09-19 09:43:44,32,35,1251,1904
2023-09-19 09:43:46,33,35,1251,1904
2023-09-19 09:43:47,32,35,1251,1904
2023-09-19 09:43:48,33,35,1251,1904
2023-09-19 09:43:49,32,35,1251,1904
2023-09-19 09:43:51,33,35,1251,1904
2023-09-19 09:43:55,32,35,1251,1904
2023-09-19 09:44:01,33,35,1251,1904
2023-09-19 09:44:10,33,36,1251,1904
2023-09-19 09:44:11,33,35,1251,1904
2023-09-19 09:44:17,32,35,1251,1904
2023-09-19 09:44:18,33,35,1251,1904
2023-09-19 09:44:20,32,35,1251,1904
2023-09-19 09:44:21,33,35,1251,1904
2023-09-19 09:44:32,32,35,1251,1904
2023-09-19 09:44:35,33,35,1251,1904
2023-09-19 09:44:40,34,35,1251,1904
2023-09-19 09:44:52,34,36,1251,1904
2023-09-19 09:44:52,34,35,1251,1904
2023-09-19 09:44:55,34,36,1251,1904
2023-09-19 09:45:02,35,36,1251,1904
2023-09-19 09:45:02,35,38,1251,1904
2023-09-19 09:45:03,36,38,1251,1904
2023-09-19 09:45:12,37,38,1251,1904
2023-09-19 09:45:19,37,39,1251,1904
2023-09-19 09:45:21,38,39,1251,1904
2023-09-19 09:45:22,38,40,1251,1904
2023-09-19 09:45:24,37,40,1251,1904
2023-09-19 09:45:24,37,38,1251,1904
2023-09-19 09:45:31,37,40,1251,2104
2023-09-19 09:45:32,38,40,1251,2104
2023-09-19 09:45:34,39,40,1251,2104
2023-09-19 09:45:38,40,41,1251,2109
2023-09-19 09:45:41,39,41,1251,2109
2023-09-19 09:45:46,38,41,1251,2109
2023-09-19 09:45:56,37,41,1251,2109
2023-09-19 09:45:56,38,41,1251,2109
2023-09-19 09:45:56,38,40,1251,2109
2023-09-19 09:45:57,37,40,1251,2109
2023-09-19 09:46:00,37,40,1260,2118
2023-09-19 09:46:03,37,39,1260,2118
2023-09-19 09:46:08,36,39,1260,2118
2023-09-19 09:46:09,36,39,1360,2218
2023-09-19 09:46:12,36,38,1360,2218
2023-09-19 09:46:14,35,38,1360,2218
2023-09-19 09:46:18,35,37,1360,2218
2023-09-19 09:46:36,35,36,1360,2218
2023-09-19 09:46:47,35,37,1360,2218
2023-09-19 09:47:20,36,37,1360,2218
2023-09-19 09:47:20,36,38,1360,2218
2023-09-19 09:47:21,35,38,1360,2218
2023-09-19 09:47:35,36,38,1360,2218
2023-09-19 09:47:37,35,38,1360,2218
2023-09-19 09:47:38,36,38,1360,2218
2023-09-19 09:47:40,35,38,1360,2218
2023-09-19 09:48:06,36,38,1360,2218
2023-09-19 09:48:13,35,38,1360,2218
2023-09-19 09:48:15,35,37,1360,2218
2023-09-19 09:48:23,35,38,1360,2218
2023-09-19 09:48:24,35,37,1360,2218
2023-09-19 09:48:25,35,38,1360,2218
2023-09-19 09:48:27,35,37,1360,2218
2023-09-19 09:48:28,35,38,1360,2218
2023-09-19 09:48:34,35,37,1360,2218
2023-09-19 09:48:46,34,37,1360,2218
2023-09-19 09:48:46,34,36,1360,2218
2023-09-19 09:49:18,34,37,1360,2218
2023-09-19 09:49:24,35,37,1360,2218
2023-09-19 09:49:25,35,38,1360,2218
2023-09-19 09:49:28,36,38,1360,2218
2023-09-19 09:49:36,35,38,1360,2218
2023-09-19 09:49:57,35,37,1360,2218
2023-09-19 09:50:05,34,37,1360,2218
2023-09-19 09:50:13,34,36,1360,2218
2023-09-19 09:50:15,34,35,1360,2218
2023-09-19 09:50:19,34,36,1360,2218
2023-09-19 09:50:21,34,35,1360,2218
2023-09-19 09:50:28,34,36,1360,2218
2023-09-19 09:50:31,34,35,1360,2218
2023-09-19 09:50:39,33,35,1460,2318
2023-09-19 09:50:41,33,34,1460,2318
2023-09-19 09:50:42,32,34,1460,2318
2023-09-19 09:50:55,31,34,1460,2318
2023-09-19 09:50:55,31,33,1460,2318
2023-09-19 09:51:02,31,34,1460,2318
2023-09-19 09:51:04,32,34,1460,2318
2023-09-19 09:51:08,31,34,1460,2318
2023-09-19 09:51:22,31,33,1460,2318
2023-09-19 09:51:26,31,34,1460,2318
2023-09-19 09:51:28,32,34,1460,2318
2023-09-19 09:51:33,32,35,1460,2318
2023-09-19 09:51:33,33,35,1460,2318
2023-09-19 09:51:46,33,36,1460,2318
2023-09-19 09:51:52,34,36,1460,2318
2023-09-19 09:51:52,34,37,1460,2318
2023-09-19 09:51:53,35,37,1460,2318
2023-09-19 09:52:02,34,37,1460,2318
2023-09-19 09:52:05,34,36,1460,2318
2023-09-19 09:52:05,33,36,1460,2318
2023-09-19 09:52:07,34,36,1460,2318
2023-09-19 09:52:07,34,37,1460,2318
2023-09-19 09:52:13,35,37,1460,2318
2023-09-19 09:52:14,34,37,1460,2318
2023-09-19 09:52:15,34,36,1460,2318
2023-09-19 09:52:15,33,36,1460,2318
2023-09-19 09:52:18,33,35,1460,2318
2023-09-19 09:52:22,33,34,1460,2318
2023-09-19 09:52:34,33,35,1460,2318
2023-09-19 09:52:36,33,34,1460,2318
2023-09-19 09:52:42,31,34,1460,2323
2023-09-19 09:52:46,32,34,1460,2323
2023-09-19 09:52:47,31,34,1460,2323
2023-09-19 09:52:51,32,34,1460,2323
2023-09-19 09:52:52,31,34,1460,2323
2023-09-19 09:52:55,32,34,1460,2323
2023-09-19 09:52:57,31,34,1460,2323
2023-09-19 09:53:07,32,34,1460,2323
2023-09-19 09:53:11,31,34,1460,2323
2023-09-19 09:53:14,31,33,1460,2323
2023-09-19 09:53:39,30,33,1460,2323
2023-09-19 09:53:39,30,32,1460,2323
2023-09-19 09:54:12,29,32,1460,2323
2023-09-19 09:54:12,29,31,1460,2323
2023-09-19 09:54:15,29,32,1460,2323
2023-09-19 09:54:16,29,31,1460,2323
2023-09-19 09:54:20,29,32,1460,2323
2023-09-19 09:54:34,30,32,1460,2323
2023-09-19 09:54:40,30,33,1460,2323
2023-09-19 09:54:48,31,33,1460,2323
2023-09-19 09:54:55,30,33,1460,2323
2023-09-19 09:54:58,31,33,1460,2323
2023-09-19 09:55:03,30,33,1460,2323
2023-09-19 09:55:06,30,32,1460,2323
2023-09-19 09:55:06,29,32,1460,2323
2023-09-19 09:55:09,30,32,1460,2323
2023-09-19 09:55:13,30,33,1460,2323
2023-09-19 09:55:14,31,33,1460,2323
2023-09-19 09:55:18,31,34,1460,2323
2023-09-19 09:55:33,31,33,1460,2323
2023-09-19 09:55:36,30,33,1460,2323
2023-09-19 09:55:39,30,32,1460,2323
2023-09-19 09:55:42,29,32,1460,2323
2023-09-19 09:56:00,29,31,1460,2323
2023-09-19 09:56:09,29,32,1460,2323
2023-09-19 09:56:17,29,31,1460,2323
2023-09-19 09:56:19,28,31,1221,2562
2023-09-19 09:56:20,28,30,1221,2562
2023-09-19 09:56:41,27,30,1221,2562
2023-09-19 09:56:43,27,29,1221,2562
2023-09-19 09:56:49,27,28,1221,2562
2023-09-19 09:56:49,26,28,1221,2562
2023-09-19 09:56:56,25,28,1221,2562
2023-09-19 09:56:56,25,27,1221,2562
2023-09-19 09:57:00,25,28,1221,2562
2023-09-19 09:57:04,25,27,1221,2562
2023-09-19 09:57:10,25,28,1221,2562
2023-09-19 09:57:10,26,28,1221,2562
2023-09-19 09:57:11,26,27,1221,2562
2023-09-19 09:57:25,26,28,1221,2562
2023-09-19 09:57:30,26,27,1221,2562
2023-09-19 09:57:37,26,28,1221,2562
2023-09-19 09:57:43,25,28,1221,2562
2023-09-19 09:57:43,26,28,1221,2562
2023-09-19 09:58:04,26,27,1221,2562
2023-09-19 09:58:04,25,27,1221,2562
2023-09-19 09:58:06,25,27,1169,2614
2023-09-19 09:58:20,25,28,1169,2614
2023-09-19 09:58:29,25,27,1169,2614
2023-09-19 09:58:37,25,26,1169,2614
2023-09-19 09:58:48,25,27,1169,2614
2023-09-19 09:59:06,24,27,1169,2614
2023-09-19 09:59:06,25,27,1169,2614
2023-09-19 09:59:30,26,27,1169,2614
2023-09-19 09:59:30,26,28,1369,2814
2023-09-19 09:59:31,27,28,1369,2814
2023-09-19 09:59:36,27,28,1569,3014
2023-09-19 10:00:11,26,28,1569,3014
2023-09-19 10:00:15,26,27,1569,3014
2023-09-19 10:00:18,26,27,1769,3214
2023-09-19 10:00:21,24,25,1828,3273
2023-09-19 10:00:21,24,26,1969,3414
2023-09-19 10:00:22,25,26,1969,3414
2023-09-19 10:00:23,25,26,2169,3614
2023-09-19 10:00:23,24,26,2169,3614
2023-09-19 10:00:24,23,26,2169,3614
2023-09-19 10:00:25,24,26,2169,3614
2023-09-19 10:00:29,24,25,2169,3614
2023-09-19 10:00:29,23,25,2169,3614
2023-09-19 10:00:30,24,25,2169,3614
2023-09-19 10:00:31,24,26,2169,3614
2023-09-19 10:00:34,24,25,2169,3614
2023-09-19 10:00:34,23,25,2169,3614
2023-09-19 10:00:42,24,25,2169,3614
2023-09-19 10:00:46,23,25,2169,3614
2023-09-19 10:00:48,24,25,2169,3614
2023-09-19 10:00:56,24,26,2169,3614
2023-09-19 10:01:03,24,25,2169,3614
2023-09-19 10:01:03,23,25,2169,3614
2023-09-19 10:01:04,24,25,2169,3614
2023-09-19 10:01:05,23,25,2169,3614
2023-09-19 10:01:10,23,24,2169,3614
2023-09-19 10:01:11,22,24,2169,3614
2023-09-19 10:01:17,22,25,2169,3614
2023-09-19 10:01:20,22,24,2169,3614
2023-09-19 10:01:48,21,24,2169,3614
2023-09-19 10:01:48,21,23,2169,3614
2023-09-19 10:01:57,20,23,2169,3614
2023-09-19 10:01:57,20,22,2169,3614
2023-09-19 10:01:57,21,22,2169,3614
2023-09-19 10:02:00,20,22,2169,3614
2023-09-19 10:02:06,19,22,2169,3614
2023-09-19 10:02:06,19,21,2169,3614
2023-09-19 10:02:08,19,20,2169,3614
2023-09-19 10:02:08,18,20,2169,3614
2023-09-19 10:02:09,18,19,2169,3614
2023-09-19 10:02:10,17,19,2169,3614
2023-09-19 10:02:12,18,19,2169,3614
2023-09-19 10:02:13,17,19,2169,3614
2023-09-19 10:02:14,18,19,2169,3614
2023-09-19 10:02:19,18,20,2169,3614
2023-09-19 10:02:40,18,19,2169,3614
2023-09-19 10:02:46,17,19,2169,3614
2023-09-19 10:02:47,18,19,2169,3614
2023-09-19 10:02:52,17,19,2169,3614
2023-09-19 10:02:54,18,19,2169,3614
2023-09-19 10:02:56,17,19,2169,3614
2023-09-19 10:02:58,18,19,2169,3614
2023-09-19 10:03:01,17,19,2169,3614
2023-09-19 10:03:08,18,19,2169,3614
2023-09-19 10:03:14,17,19,2169,3614
2023-09-19 10:03:17,18,19,2169,3614
2023-09-19 10:03:19,17,19,2169,3614
2023-09-19 10:03:23,18,19,2169,3614
2023-09-19 10:03:32,17,19,2169,3614
2023-09-19 10:03:47,18,19,2169,3614
2023-09-19 10:03:51,17,19,2169,3614
2023-09-19 10:04:04,17,18,2169,3614
2023-09-19 10:04:04,16,18,2169,3614
2023-09-19 10:04:27,16,17,2169,3614
2023-09-19 10:04:31,16,18,2169,3614
2023-09-19 10:04:32,16,17,2169,3614
2023-09-19 10:04:40,15,17,2169,3614
2023-09-19 10:04:44,16,17,2169,3614
2023-09-19 10:04:47,15,17,2169,3614
2023-09-19 10:04:50,16,17,2169,3614
2023-09-19 10:04:56,16,18,2169,3614
2023-09-19 10:05:00,15,18,2169,3614
2023-09-19 10:05:01,15,17,2169,3614
2023-09-19 10:05:04,15,18,2169,3614
2023-09-19 10:05:10,16,18,2169,3614
2023-09-19 10:05:16,15,18,2169,3614
2023-09-19 10:05:27,16,18,2169,3614
2023-09-19 10:06:01,15,18,2169,3614
2023-09-19 10:06:02,16,18,2169,3614
2023-09-19 10:06:08,16,19,2169,3614
2023-09-19 10:06:21,16,18,2169,3614
2023-09-19 10:06:31,15,18,2169,3614
2023-09-19 10:06:37,16,18,2169,3614
2023-09-19 10:06:51,16,19,2169,3614
2023-09-19 10:06:55,17,19,2169,3614
2023-09-19 10:07:16,17,18,2169,3614
2023-09-19 10:07:16,16,18,2169,3614
2023-09-19 10:07:25,15,18,2169,3614
2023-09-19 10:07:38,16,18,2169,3614
2023-09-19 10:08:09,15,18,2169,3614
2023-09-19 10:08:12,16,18,2169,3614
2023-09-19 10:08:33,15,18,2169,3614
2023-09-19 10:08:34,16,18,2169,3614
2023-09-19 10:08:39,16,19,2169,3614
2023-09-19 10:08:41,16,18,2169,3614
2023-09-19 10:08:56,15,18,2169,3614
2023-09-19 10:08:57,15,17,2169,3614
2023-09-19 10:09:23,15,16,2169,3614
2023-09-19 10:09:27,14,16,2169,3614
2023-09-19 10:09:29,15,16,2169,3614
2023-09-19 10:09:49,14,16,2169,3614
2023-09-19 10:09:54,15,16,2169,3614
2023-09-19 10:10:06,15,17,2169,3614
2023-09-19 10:10:10,15,18,2169,3614
2023-09-19 10:10:12,16,18,2169,3614
2023-09-19 10:10:15,17,18,2169,3614
2023-09-19 10:10:17,16,18,2169,3614
2023-09-19 10:10:33,16,17,2169,3614
2023-09-19 10:10:33,15,17,2169,3614
2023-09-19 10:10:41,16,17,2169,3614
2023-09-19 10:10:42,16,18,2169,3614
2023-09-19 10:10:44,15,18,2169,3614
2023-09-19 10:10:49,15,17,2169,3614
2023-09-19 10:10:53,14,17,2169,3614
2023-09-19 10:10:53,15,17,2169,3614
2023-09-19 10:11:23,15,18,2169,3614
2023-09-19 10:11:27,15,17,2169,3614
2023-09-19 10:11:36,15,18,2169,3614
2023-09-19 10:11:51,16,18,2169,3614
2023-09-19 10:11:52,15,18,2169,3614
2023-09-19 10:11:54,16,18,2169,3614
2023-09-19 10:12:36,15,18,2169,3614
2023-09-19 10:12:41,16,18,2169,3614
2023-09-19 10:12:45,15,18,2169,3614
2023-09-19 10:12:47,16,18,2169,3614
2023-09-19 10:13:15,15,18,2169,3614
2023-09-19 10:13:22,15,17,2169,3614
2023-09-19 10:13:26,15,18,2169,3614
2023-09-19 10:13:34,15,17,2169,3614
2023-09-19 10:13:37,14,17,2169,3614
2023-09-19 10:13:52,15,17,2169,3614
2023-09-19 10:13:54,15,18,2169,3614
2023-09-19 10:13:55,15,17,2169,3614
2023-09-19 10:14:02,14,17,2169,3614
2023-09-19 10:14:04,15,17,2169,3614
2023-09-19 10:14:05,14,17,2169,3614
2023-09-19 10:14:15,15,17,2169,3614
2023-09-19 10:14:24,14,17,2169,3614
2023-09-19 10:14:40,15,17,2169,3614
2023-09-19 10:14:46,15,18,2169,3614
2023-09-19 10:14:47,15,17,2169,3614
2023-09-19 10:14:51,14,17,2169,3614
2023-09-19 10:15:05,15,17,2169,3614
2023-09-19 10:15:40,15,18,2169,3614
2023-09-19 10:15:43,15,17,2169,3614
2023-09-19 10:16:02,15,18,2169,3614
2023-09-19 10:16:04,15,17,2169,3614
2023-09-19 10:16:05,15,18,2169,3614
2023-09-19 10:16:06,15,17,2169,3614
2023-09-19 10:16:10,14,17,2169,3614
2023-09-19 10:16:10,15,17,2169,3614
2023-09-19 10:16:18,14,17,2169,3614
2023-09-19 10:16:25,14,16,2169,3614
2023-09-19 10:16:27,14,17,2169,3614
2023-09-19 10:16:34,14,16,2169,3614
2023-09-19 10:16:39,14,15,2169,3614
2023-09-19 10:16:45,13,15,2169,3614
2023-09-19 10:17:01,13,14,2169,3614
2023-09-19 10:17:03,12,14,2169,3614
2023-09-19 10:17:23,12,15,2169,3614
2023-09-19 10:17:24,13,15,2169,3614
2023-09-19 10:17:29,14,15,2169,3614
2023-09-19 10:17:30,14,16,2169,3614
2023-09-19 10:17:36,13,16,2169,3614
2023-09-19 10:17:36,14,16,2169,3614
2023-09-19 10:18:05,15,16,2169,3614
2023-09-19 10:18:09,15,17,2169,3614
2023-09-19 10:18:12,15,18,2169,3614
2023-09-19 10:18:12,16,18,2169,3614
2023-09-19 10:18:41,17,18,2169,3614
2023-09-19 10:19:05,17,19,2169,3614
2023-09-19 10:19:10,17,18,2169,3614
2023-09-19 10:19:19,16,18,2169,3614
2023-09-19 10:19:51,16,19,2169,3614
2023-09-19 10:19:52,16,18,2169,3614
2023-09-19 10:20:01,16,19,2169,3614
2023-09-19 10:20:02,16,18,2169,3614
2023-09-19 10:20:07,17,18,2169,3614
2023-09-19 10:20:07,17,19,2169,3614
2023-09-19 10:20:08,16,19,2169,3614
2023-09-19 10:20:08,16,18,2169,3614
2023-09-19 10:20:10,16,19,2169,3614
2023-09-19 10:20:11,16,18,2169,3614
2023-09-19 10:20:35,16,17,2169,3614
2023-09-19 10:20:37,16,18,2169,3614
2023-09-19 10:20:48,16,17,2169,3614
2023-09-19 10:20:59,16,18,2169,3614
2023-09-19 10:21:08,16,17,2169,3614
2023-09-19 10:21:09,16,18,2169,3614
2023-09-19 10:21:32,16,19,2169,3614
2023-09-19 10:21:34,16,18,2169,3614
2023-09-19 10:21:35,16,19,2169,3614
2023-09-19 10:21:36,16,18,2169,3614
2023-09-19 10:21:41,16,19,2169,3614
2023-09-19 10:21:42,16,18,2169,3614
2023-09-19 10:21:53,16,19,2169,3614
2023-09-19 10:21:54,17,19,2169,3614
2023-09-19 10:22:14,17,20,2169,3614
2023-09-19 10:22:18,17,19,2169,3614
2023-09-19 10:22:19,17,20,2169,3614
2023-09-19 10:22:20,17,19,2169,3614
2023-09-19 10:22:44,17,20,2169,3614
2023-09-19 10:22:46,17,19,2169,3614
2023-09-19 10:22:54,16,19,2169,3614
2023-09-19 10:22:55,16,18,2169,3614
2023-09-19 10:22:56,16,17,2169,3614
2023-09-19 10:22:58,16,18,2169,3614
2023-09-19 10:23:11,16,19,2169,3614
2023-09-19 10:23:14,16,18,2169,3614
2023-09-19 10:23:16,16,19,2169,3614
2023-09-19 10:23:22,17,19,2169,3614
2023-09-19 10:23:23,16,19,2169,3614
2023-09-19 10:23:24,17,19,2169,3614
2023-09-19 10:23:28,16,19,2169,3614
2023-09-19 10:23:31,16,18,2169,3614
2023-09-19 10:23:32,16,19,2169,3614
2023-09-19 10:23:33,16,18,2169,3614
2023-09-19 10:23:35,16,19,2169,3614
2023-09-19 10:23:36,16,18,2169,3614
2023-09-19 10:24:09,16,19,2169,3614
2023-09-19 10:24:14,17,19,2169,3614
2023-09-19 10:24:23,17,18,2169,3614
2023-09-19 10:24:24,17,19,2169,3614
2023-09-19 10:24:31,17,20,2169,3614
2023-09-19 10:24:32,17,19,2169,3614
2023-09-19 10:24:39,16,19,2169,3614
2023-09-19 10:24:40,17,19,2169,3614
2023-09-19 10:25:24,17,20,2169,3614
2023-09-19 10:25:27,17,19,2169,3614
2023-09-19 10:25:34,17,20,2169,3614
2023-09-19 10:25:36,17,19,2169,3614
2023-09-19 10:25:38,17,20,2169,3614
2023-09-19 10:25:39,18,20,2169,3614
2023-09-19 10:25:58,18,19,2169,3614
2023-09-19 10:26:03,18,20,2169,3614
2023-09-19 10:26:04,18,19,2169,3614
2023-09-19 10:26:08,18,20,2169,3614
2023-09-19 10:26:10,18,19,2169,3614
2023-09-19 10:26:13,18,20,2169,3614
2023-09-19 10:26:14,18,19,2169,3614
2023-09-19 10:26:15,18,20,2169,3614
2023-09-19 10:26:37,18,19,2169,3614
2023-09-19 10:26:38,17,19,2169,3614
2023-09-19 10:27:05,18,19,2169,3614
2023-09-19 10:27:09,17,19,2169,3614
2023-09-19 10:27:10,18,19,2169,3614
2023-09-19 10:27:10,18,20,2169,3614
2023-09-19 10:27:11,17,20,2169,3614
2023-09-19 10:27:12,17,19,2169,3614
2023-09-19 10:27:23,16,19,2169,3614
2023-09-19 10:27:24,16,18,2169,3614
2023-09-19 10:27:37,15,18,2169,3614
2023-09-19 10:27:41,15,17,2169,3614
2023-09-19 10:28:33,14,17,2169,3614
2023-09-19 10:28:34,14,16,2169,3614
2023-09-19 10:29:06,13,16,2169,3614
2023-09-19 10:29:14,14,16,2169,3614
2023-09-19 10:29:26,15,16,2169,3614
2023-09-19 10:29:28,15,17,2169,3614
2023-09-19 10:29:30,15,16,2169,3614
2023-09-19 10:29:33,15,17,2169,3614
2023-09-19 10:29:34,15,16,2169,3614
2023-09-19 10:29:35,15,17,2169,3614
2023-09-19 10:29:36,15,16,2169,3614
2023-09-19 10:29:37,14,16,2169,3614
2023-09-19 10:29:41,15,16,2169,3614
2023-09-19 10:29:42,15,17,2169,3614
2023-09-19 10:29:44,15,16,2169,3614
2023-09-19 10:29:45,15,17,2169,3614
2023-09-19 10:29:56,15,18,2169,3614
2023-09-19 10:29:56,16,18,2169,3614
2023-09-19 10:30:02,15,18,2169,3614
2023-09-19 10:30:03,15,17,2169,3614
2023-09-19 10:30:04,15,18,2169,3614
2023-09-19 10:30:05,15,17,2169,3614
2023-09-19 10:30:23,14,17,2169,3614
2023-09-19 10:30:26,14,16,2169,3614
2023-09-19 10:30:44,13,16,2169,3614
2023-09-19 10:30:46,13,15,2169,3614
2023-09-19 10:30:50,13,16,2169,3614
2023-09-19 10:30:51,14,16,2169,3614
2023-09-19 10:30:53,14,17,2169,3614
2023-09-19 10:31:09,14,16,2169,3614
2023-09-19 10:31:14,14,17,2169,3614
2023-09-19 10:31:18,15,17,2169,3614
2023-09-19 10:31:36,15,16,2169,3614
2023-09-19 10:31:39,14,16,2169,3614
2023-09-19 10:31:53,14,17,2169,3614
2023-09-19 10:31:54,14,16,2169,3614
2023-09-19 10:32:00,13,16,2169,3614
2023-09-19 10:32:06,14,16,2169,3614
2023-09-19 10:32:09,13,16,2169,3614
2023-09-19 10:32:11,14,16,2169,3614
2023-09-19 10:32:16,13,16,2169,3614
2023-09-19 10:32:16,13,15,2169,3614
2023-09-19 10:32:22,12,15,2169,3614
2023-09-19 10:32:57,13,15,2169,3614
2023-09-19 10:32:58,12,15,2169,3614
2023-09-19 10:33:01,12,14,2169,3614
2023-09-19 10:33:05,12,15,2169,3614
2023-09-19 10:33:34,12,14,2169,3614
2023-09-19 10:33:49,12,15,2169,3614
2023-09-19 10:33:58,12,14,2169,3614
2023-09-19 10:34:23,12,13,2169,3614
2023-09-19 10:34:30,11,13,2169,3614
2023-09-19 10:34:31,11,12,2169,3614
2023-09-19 10:34:36,11,13,2169,3614
2023-09-19 10:34:47,11,12,2169,3614
2023-09-19 10:35:06,11,13,2169,3614
2023-09-19 10:35:16,12,13,2169,3614
2023-09-19 10:35:27,11,13,2169,3614
2023-09-19 10:35:41,11,12,2169,3614
2023-09-19 10:35:51,11,13,2169,3614
2023-09-19 10:35:56,11,12,2169,3614
2023-09-19 10:36:19,11,13,2169,3614
2023-09-19 10:36:31,12,13,2169,3614
2023-09-19 10:36:31,12,14,2169,3614
2023-09-19 10:36:37,12,13,2169,3614
2023-09-19 10:36:47,11,13,2169,3614
2023-09-19 10:36:55,11,12,2169,3614
2023-09-19 10:37:30,11,13,2169,3614
2023-09-19 10:37:37,11,12,2169,3614
2023-09-19 10:38:22,11,13,2169,3614
2023-09-19 10:38:23,11,12,2169,3614
2023-09-19 10:38:51,11,12,2169,3714
2023-09-19 10:38:52,10,12,2169,3814
2023-09-19 10:38:52,10,11,2169,3814
2023-09-19 10:38:53,9,11,2169,3814
2023-09-19 10:38:53,9,10,2169,3814
2023-09-19 10:38:59,9,10,2169,3914
2023-09-19 10:39:00,9,10,2169,4014
2023-09-19 10:39:01,8,10,1769,4414
2023-09-19 10:39:02,8,9,1769,4414
2023-09-19 10:39:06,8,9,1769,4514
2023-09-19 10:39:07,7,9,1769,4614
2023-09-19 10:39:12,7,8,1769,4614
2023-09-19 10:39:23,7,9,1769,4614
2023-09-19 10:39:26,7,8,1769,4614
2023-09-19 10:40:00,7,8,1869,4714
2023-09-19 10:40:01,7,8,1969,4814
2023-09-19 10:40:02,7,8,2069,4914
2023-09-19 10:40:03,6,8,2169,5014
2023-09-19 10:40:04,6,7,2169,5014
2023-09-19 10:40:08,6,8,2169,5014
2023-09-19 10:40:13,6,7,2169,5014
2023-09-19 10:40:23,6,8,2169,5014
2023-09-19 10:40:23,7,8,2169,5014
2023-09-19 10:40:28,6,8,2169,5014
2023-09-19 10:40:37,6,7,2169,5014
2023-09-19 10:40:44,6,7,2169,5114
2023-09-19 10:40:48,6,7,2229,5214
2023-09-19 10:40:49,6,7,2329,5314
2023-09-19 10:40:50,6,7,2429,5414
2023-09-19 10:40:51,6,7,2529,5514
2023-09-19 10:40:51,5,7,2529,5514
2023-09-19 10:40:52,6,7,2529,5514
2023-09-19 10:40:52,6,7,2629,5614
2023-09-19 10:40:55,6,7,2729,5714
2023-09-19 10:40:56,6,7,2829,5814
2023-09-19 10:40:57,6,7,2929,5914
2023-09-19 10:41:06,5,7,2929,5914
2023-09-19 10:41:07,6,7,2929,5914
2023-09-19 10:41:14,6,7,2869,6114
2023-09-19 10:41:22,5,7,2869,6114
2023-09-19 10:41:22,6,7,2869,6114
2023-09-19 10:41:30,6,8,2869,6114
2023-09-19 10:41:34,6,7,2869,6114
2023-09-19 10:41:35,6,8,2869,6114
2023-09-19 10:41:50,6,7,2869,6114
2023-09-19 10:42:01,6,8,2869,6114
2023-09-19 10:42:21,7,8,2869,6114
2023-09-19 10:42:25,7,9,2869,6114
2023-09-19 10:42:25,7,8,2869,6114
2023-09-19 10:42:37,7,9,2869,6114
2023-09-19 10:42:40,7,8,2869,6114
2023-09-19 10:42:42,6,8,2869,6114
2023-09-19 10:42:42,7,8,2869,6114
2023-09-19 10:42:47,7,9,2869,6114
2023-09-19 10:42:54,8,9,2869,6114
2023-09-19 10:43:03,8,10,2869,6114
2023-09-19 10:43:04,8,9,2869,6114
2023-09-19 10:43:06,8,10,2869,6114
2023-09-19 10:43:08,8,9,2869,6114
2023-09-19 10:43:12,8,10,2869,6114
2023-09-19 10:43:23,8,9,2869,6114
2023-09-19 10:43:25,8,10,2869,6114
2023-09-19 10:43:37,8,9,2869,6114
2023-09-19 10:43:45,7,9,2869,6114
2023-09-19 10:43:46,8,9,2869,6114
2023-09-19 10:44:16,7,9,2869,6114
2023-09-19 10:44:21,7,8,2869,6114
2023-09-19 10:44:29,7,9,2869,6114
2023-09-19 10:44:36,8,9,2869,6114
2023-09-19 10:45:09,8,9,2869,6174
2023-09-19 10:45:10,8,10,2869,6174
2023-09-19 10:45:40,9,10,2869,6174
2023-09-19 10:46:33,8,10,2869,6174
2023-09-19 10:46:38,8,9,2869,6174
2023-09-19 10:47:29,7,9,2869,6174
2023-09-19 10:47:29,8,9,2869,6174
2023-09-19 10:47:30,8,9,2969,6274
2023-09-19 10:47:31,8,9,3069,6374
2023-09-19 10:47:31,7,9,3069,6374
2023-09-19 10:47:32,7,8,3069,6374
2023-09-19 10:48:02,7,9,3069,6374
2023-09-19 10:48:08,7,8,3069,6374
2023-09-19 10:49:20,6,8,3069,6374
2023-09-19 10:49:21,6,7,3069,6374
2023-09-19 10:49:53,6,7,3529,6974
2023-09-19 10:49:56,6,8,3529,6974
2023-09-19 10:50:02,6,7,3529,6974
2023-09-19 10:50:03,5,7,3529,6974
2023-09-19 10:50:21,6,7,3529,6974
2023-09-19 10:50:25,5,7,3529,6974
2023-09-19 10:50:35,6,7,3529,6974
2023-09-19 10:50:41,5,7,3529,6974
2023-09-19 10:51:00,5,6,3529,6974
2023-09-19 10:51:10,5,7,3629,7074
2023-09-19 10:51:11,6,7,3629,7074
2023-09-19 10:51:23,5,7,3629,7074
2023-09-19 10:51:36,6,7,3629,7074
2023-09-19 10:51:41,5,7,3629,7074
2023-09-19 10:51:44,6,7,3629,7074
2023-09-19 10:51:48,5,7,3629,7074
2023-09-19 10:51:52,5,6,3629,7074
2023-09-19 10:52:13,5,6,3754,7199
2023-09-19 10:52:16,4,5,4456,7901
2023-09-19 10:52:21,4,6,4456,7901
2023-09-19 10:52:22,5,6,4456,7901
2023-09-19 10:52:25,4,6,4456,7901
2023-09-19 10:52:34,5,6,4456,7901
2023-09-19 10:53:03,4,6,4456,7901
2023-09-19 10:53:04,5,6,4456,7901
2023-09-19 10:54:07,5,7,4456,7901
2023-09-19 10:54:32,5,6,4456,7901
2023-09-19 10:54:36,5,7,4456,8101
2023-09-19 10:54:56,5,6,4456,8101
2023-09-19 10:55:06,5,6,4456,8151
2023-09-19 10:55:10,5,6,4506,8551
2023-09-19 10:55:11,5,6,4906,8951
2023-09-19 10:55:15,5,7,4906,8951
2023-09-19 10:55:27,5,6,4906,8951
2023-09-19 10:55:36,4,6,4906,8951
2023-09-19 10:55:58,5,6,4906,8951
2023-09-19 10:56:15,5,7,4906,8951
2023-09-19 10:56:15,5,6,4906,8951
2023-09-19 10:56:22,4,6,4906,8951
2023-09-19 10:56:41,5,6,4906,8951
2023-09-19 10:56:42,4,6,4906,8951
2023-09-19 10:57:00,5,6,4906,8951
2023-09-19 10:57:01,4,6,4906,8951
2023-09-19 10:57:02,5,6,4906,8951
2023-09-19 10:57:08,4,6,4906,8951
2023-09-19 10:57:12,5,6,4906,8951
2023-09-19 10:57:14,4,6,4906,8951
2023-09-19 10:57:17,5,6,4906,8951
2023-09-19 10:57:19,4,6,4906,8951
2023-09-19 10:57:23,5,6,4906,8951
2023-09-19 10:57:43,4,6,4906,8951
2023-09-19 10:57:44,5,6,4906,8951
2023-09-19 10:58:09,4,6,4906,8951
2023-09-19 10:59:05,5,6,4906,8951
2023-09-19 10:59:17,4,6,4906,8951
2023-09-19 10:59:24,5,6,4906,8951
2023-09-19 10:59:35,4,6,4906,8951
2023-09-19 10:59:37,5,6,4906,8951
2023-09-19 10:59:39,4,6,4906,8951
2023-09-19 10:59:47,5,6,4906,8951
2023-09-19 10:59:48,4,6,4906,8951
2023-09-19 11:00:01,4,5,4906,8951
2023-09-19 11:00:46,4,6,4906,8951
2023-09-19 11:00:46,5,6,4906,8951
2023-09-19 11:01:03,4,6,4906,8951
2023-09-19 11:01:16,5,6,4906,8951
2023-09-19 11:01:21,4,6,4906,8951
2023-09-19 11:01:24,5,6,4906,8951
2023-09-19 11:01:52,4,6,4906,8951
2023-09-19 11:01:53,5,6,4906,8951
2023-09-19 11:02:16,4,6,4906,8951
2023-09-19 11:02:22,4,5,4906,8951
2023-09-19 11:03:33,5,6,4906,8951
2023-09-19 11:03:56,4,6,4906,8951
2023-09-19 11:03:58,5,6,4906,8951
2023-09-19 11:04:01,4,6,4906,8951
2023-09-19 11:04:02,5,6,4906,8951
2023-09-19 11:04:27,4,6,4906,8951
2023-09-19 11:04:29,5,6,4906,8951
2023-09-19 11:04:52,4,6,4906,8951
2023-09-19 11:05:12,5,6,4906,8951
2023-09-19 11:06:02,4,6,4906,8951
2023-09-19 11:06:04,5,6,4906,8951
2023-09-19 11:06:06,4,6,4906,8951
2023-09-19 11:07:06,4,5,4906,8951
2023-09-19 11:07:09,4,6,4906,8951
2023-09-19 11:07:20,4,6,5131,9176
2023-09-19 11:09:09,5,6,5131,9176
2023-09-19 11:09:22,4,6,5131,9176
2023-09-19 11:09:50,5,6,5131,9176
2023-09-19 11:09:58,4,6,5131,9176
2023-09-19 11:10:27,5,6,5131,9176
2023-09-19 11:10:33,4,6,5131,9176
2023-09-19 11:10:36,4,5,5131,9176
2023-09-19 11:11:05,4,6,5131,9176
2023-09-19 11:11:23,5,6,5131,9176
2023-09-19 11:11:47,4,6,5131,9176
2023-09-19 11:11:52,5,6,5131,9176
2023-09-19 11:13:16,4,6,5131,9176
2023-09-19 11:13:49,5,6,5131,9176
2023-09-19 11:13:54,4,6,5131,9176
2023-09-19 11:14:09,4,5,5131,9176
2023-09-19 11:14:11,4,6,5131,9176
2023-09-19 11:14:44,5,6,5131,9176
2023-09-19 11:15:39,4,6,5131,9176
2023-09-19 11:15:40,5,6,5131,9176
2023-09-19 11:15:44,4,6,5131,9176
2023-09-19 11:15:50,4,5,5131,9176
2023-09-19 11:17:06,4,6,5131,9176
2023-09-19 11:17:06,4,5,5131,9176
2023-09-19 11:19:26,4,6,5131,9176
2023-09-19 11:19:30,4,5,5131,9176
2023-09-19 11:19:37,4,6,5131,9176
2023-09-19 11:19:49,4,5,5131,9176
2023-09-19 11:20:07,4,6,5131,9176
2023-09-19 11:21:40,4,5,5131,9176
2023-09-19 11:21:47,4,6,5131,9176
2023-09-19 11:22:33,4,6,5131,9185
2023-09-19 11:22:37,4,5,5131,9185
2023-09-19 11:23:32,4,6,5131,9185
2023-09-19 11:23:58,4,5,5131,9185
2023-09-19 11:24:01,4,6,5131,9185
2023-09-19 11:24:14,4,5,5131,9185
2023-09-19 11:24:24,4,6,5131,9185
2023-09-19 11:24:52,4,5,5131,9185
2023-09-19 11:25:07,4,6,5131,9185
2023-09-19 11:27:19,4,7,5131,9185
2023-09-19 11:27:19,4,6,5131,9185
2023-09-19 11:27:24,4,7,5131,9185
2023-09-19 11:27:29,4,6,5131,9185
2023-09-19 11:28:03,4,7,5131,9185
2023-09-19 11:28:03,4,6,5131,9185
2023-09-19 11:31:36,4,7,5131,9185
2023-09-19 11:31:41,4,6,5131,9185
2023-09-19 11:31:45,5,6,5131,9185
2023-09-19 11:31:53,5,7,5131,9185
2023-09-19 11:31:58,5,6,5131,9185
2023-09-19 11:32:04,5,7,5131,9185
2023-09-19 11:32:08,5,6,5131,9185
2023-09-19 11:32:12,5,7,5131,9185
2023-09-19 11:32:13,5,6,5131,9185
2023-09-19 11:33:13,5,7,5131,9185
2023-09-19 11:33:15,5,6,5131,9185
2023-09-19 11:33:22,5,7,5131,9185
2023-09-19 11:33:23,5,6,5131,9185
2023-09-19 11:33:31,5,7,5131,9185
2023-09-19 11:34:04,5,7,5381,9435
2023-09-19 11:34:37,5,6,5381,9435
2023-09-19 11:34:40,5,7,5381,9435
2023-09-19 11:34:44,5,6,5381,9435
2023-09-19 11:34:52,5,7,5381,9435
2023-09-19 11:34:53,5,6,5381,9435
2023-09-19 11:34:54,5,7,5381,9435
2023-09-19 11:34:55,5,6,5381,9435
2023-09-19 11:35:05,5,7,5381,9435
2023-09-19 11:36:10,5,6,5381,9435
2023-09-19 11:36:12,5,7,5381,9435
2023-09-19 11:36:15,5,6,5381,9435
2023-09-19 11:36:18,5,7,5381,9435
2023-09-19 11:36:28,4,7,5381,9435
2023-09-19 11:36:30,4,6,5381,9435
2023-09-19 11:36:50,4,6,5402,9456
2023-09-19 11:37:13,4,7,5402,9456
2023-09-19 11:37:28,4,6,5402,9456
2023-09-19 11:37:34,4,7,5402,9456
2023-09-19 11:37:42,5,7,5402,9456
2023-09-19 11:37:51,4,7,5402,9456
2023-09-19 11:38:17,5,7,5402,9456
2023-09-19 11:38:39,4,7,5402,9456
2023-09-19 11:38:45,5,7,5402,9456
2023-09-19 11:39:33,5,8,5402,9456
2023-09-19 11:39:34,5,7,5402,9456
2023-09-19 11:39:53,4,7,5402,9456
2023-09-19 11:39:54,5,7,5402,9456
2023-09-19 11:39:58,4,7,5402,9456
2023-09-19 11:40:08,5,7,5402,9456
2023-09-19 11:40:26,4,7,5402,9456
2023-09-19 11:40:33,5,7,5402,9456
2023-09-19 11:40:45,4,7,5402,9456
2023-09-19 11:40:51,5,7,5402,9456
2023-09-19 11:41:12,5,6,5402,9456
2023-09-19 11:41:14,4,6,5402,9456
2023-09-19 11:41:52,5,6,5402,9456
2023-09-19 11:41:59,4,6,5402,9456
2023-09-19 11:43:05,4,5,5402,9456
2023-09-19 11:45:23,3,4,5402,9481
2023-09-19 11:46:10,2,4,5402,9481
2023-09-19 11:48:12,3,4,5402,9481
2023-09-19 11:48:12,3,4,5642,9721
2023-09-19 11:48:14,2,4,5642,9721
2023-09-19 11:48:36,3,4,5642,9721
2023-09-19 11:48:52,2,4,5642,9721
2023-09-19 11:49:03,3,4,5642,9721
2023-09-19 11:49:23,2,4,5642,9721
2023-09-19 11:49:32,3,4,5642,9721
2023-09-19 11:49:45,2,4,5642,9721
2023-09-19 11:52:58,3,4,5642,9721
2023-09-19 11:53:06,2,4,5642,9721
2023-09-19 11:53:08,3,4,5642,9721
2023-09-19 11:53:15,2,4,5642,9721
2023-09-19 11:54:01,3,4,5642,9721
2023-09-19 11:54:02,2,4,5642,9721
2023-09-19 11:54:08,3,4,5642,9721
2023-09-19 11:54:09,2,4,5642,9721
2023-09-19 11:54:10,3,4,5642,9721
2023-09-19 11:54:11,2,4,5642,9721
2023-09-19 11:54:13,3,4,5642,9721
2023-09-19 11:54:15,2,4,5642,9721
2023-09-19 11:54:49,3,4,5642,9721
2023-09-19 11:54:56,2,4,5642,9721
2023-09-19 11:56:12,3,4,5642,9721
2023-09-19 11:56:20,2,4,5642,9721
2023-09-19 11:57:10,3,4,5642,9721
2023-09-19 11:57:20,2,4,5642,9721
2023-09-19 11:57:21,3,4,5642,9721
2023-09-19 11:57:34,3,5,5642,9721
2023-09-19 11:57:39,4,5,5642,9721
2023-09-19 11:57:56,3,5,5642,9721
2023-09-19 11:58:05,4,5,5642,9721
2023-09-19 11:58:29,4,5,5642,9821
2023-09-19 11:58:42,3,5,5642,9821
2023-09-19 11:59:01,3,4,5642,9821
2023-09-19 11:59:14,3,5,5642,9821
2023-09-19 11:59:14,3,4,5642,9821
2023-09-19 11:59:28,3,5,5642,9821
2023-09-19 11:59:28,3,4,5642,9821
2023-09-19 11:59:32,3,5,5642,9821
2023-09-19 11:59:34,2,5,5642,9821
2023-09-19 11:59:35,3,5,5642,9821
2023-09-19 12:00:15,3,4,5642,9821
2023-09-19 12:00:23,2,4,5642,9821
2023-09-19 12:00:24,2,5,5642,9821
2023-09-19 12:00:24,2,4,5642,9821
2023-09-19 12:00:54,3,4,5642,9821
2023-09-19 12:00:57,2,4,5642,9821
2023-09-19 12:01:33,3,4,5642,9821
2023-09-19 12:01:37,2,4,5642,9821
2023-09-19 12:01:41,3,4,5642,9821
2023-09-19 12:01:45,2,4,5642,9821
2023-09-19 12:05:41,2,3,5642,9821
2023-09-19 12:06:08,1,3,5642,9821
2023-09-19 12:07:12,2,3,5642,9821
2023-09-19 12:07:18,2,3,5492,9971
2023-09-19 12:17:42,2,4,5492,9971
2023-09-19 12:18:54,2,3,5492,9971
2023-09-19 12:19:10,2,4,5492,9971
2023-09-19 12:21:01,2,3,5492,9971
2023-09-19 12:24:15,2,3,5392,10071
2023-09-19 12:33:44,2,3,5192,10271
2023-09-19 12:35:52,1,2,5042,10421
2023-09-19 12:35:53,1,3,5042,10421
2023-09-19 12:36:02,1,2,5042,10421
2023-09-19 12:47:25,1,2,4867,10621
2023-09-19 13:01:48,1,3,5127,11021
2023-09-19 13:09:16,1,4,5127,11021
2023-09-19 13:09:23,1,3,5127,11021
2023-09-19 13:09:44,1,4,5127,11021
2023-09-19 13:09:58,1,3,5127,11021
2023-09-19 13:11:37,2,3,5127,11021
2023-09-19 13:11:43,1,3,5127,11021
2023-09-19 13:12:36,2,3,5127,11021
2023-09-19 13:12:38,1,3,5127,11021
2023-09-19 13:12:49,1,4,5127,11021
2023-09-19 13:13:05,2,4,5127,11021
2023-09-19 13:13:07,1,4,5127,11021
2023-09-19 13:13:10,2,4,5127,11021
2023-09-19 13:13:15,2,3,5127,11021
2023-09-19 13:13:36,1,3,5127,11021
2023-09-19 13:13:44,2,3,5127,11021
2023-09-19 13:18:18,2,3,5127,11221
2023-09-19 13:18:30,2,3,5267,11421
2023-09-19 13:18:37,2,3,5467,11621
2023-09-19 13:18:50,2,4,5467,11621
2023-09-19 13:21:03,3,4,5467,11621
2023-09-19 13:21:06,2,4,5467,11621
2023-09-19 13:21:07,3,4,5467,11621
2023-09-19 13:21:16,2,4,5467,11621
2023-09-19 13:21:24,3,4,5467,11621
2023-09-19 13:21:25,2,4,5467,11621
2023-09-19 13:21:27,3,4,5467,11621
2023-09-19 13:21:28,2,4,5467,11621
2023-09-19 13:21:31,3,4,5467,11621
2023-09-19 13:21:41,2,4,5467,11621
2023-09-19 13:21:45,3,4,5467,11621
2023-09-19 13:21:55,3,4,6378,12732
2023-09-19 13:22:42,2,4,6378,12732
2023-09-19 13:22:57,3,4,6378,12732
2023-09-19 13:23:00,2,4,6378,12732
2023-09-19 13:23:04,2,3,6378,12732
2023-09-19 13:23:38,2,4,6378,12732
2023-09-19 13:23:45,2,3,6378,12732
2023-09-19 13:24:22,2,4,6378,12732
2023-09-19 13:25:04,3,4,6378,12732
2023-09-19 13:26:39,2,4,6478,12832
2023-09-19 13:26:40,2,3,6478,12832
2023-09-19 13:26:47,1,3,6478,12832
2023-09-19 13:27:24,2,3,6478,12832
2023-09-19 13:28:05,1,3,6478,12832
2023-09-19 13:30:05,2,3,6478,12832
2023-09-19 13:30:16,2,3,6778,13132
2023-09-19 13:30:25,2,4,6778,13132
2023-09-19 13:30:50,3,4,6778,13132
2023-09-19 13:31:19,3,4,6978,13332
2023-09-19 13:31:19,3,4,6978,13392
2023-09-19 13:31:30,3,5,6978,13392
2023-09-19 13:33:36,2,5,6978,13392
2023-09-19 13:33:47,3,5,6978,13392
2023-09-19 13:33:52,2,5,6978,13392
2023-09-19 13:33:52,2,4,6978,13392
2023-09-19 13:34:03,3,4,6978,13392
2023-09-19 13:34:21,3,5,6978,13392
2023-09-19 13:39:06,3,6,6978,13392
2023-09-19 13:39:17,4,6,6978,13392
2023-09-19 13:39:19,5,6,6978,13392
2023-09-19 13:39:59,5,6,7078,13492
2023-09-19 13:40:00,4,6,7078,13492
2023-09-19 13:40:10,5,6,7078,13492
2023-09-19 13:40:30,5,7,7078,13492
2023-09-19 13:40:36,6,7,7078,13492
2023-09-19 13:41:01,6,7,7100,13514
2023-09-19 13:41:03,5,7,7100,13514
2023-09-19 13:41:06,5,6,7100,13514
2023-09-19 13:41:20,5,6,7200,13614
2023-09-19 13:41:21,4,6,7300,13714
2023-09-19 13:41:23,4,5,7300,13714
2023-09-19 13:42:48,4,6,7300,13714
2023-09-19 13:43:32,4,6,7360,13774
2023-09-19 13:45:14,5,6,7360,13774
2023-09-19 13:45:16,5,6,7500,13914
2023-09-19 13:45:16,5,6,7600,14014
2023-09-19 13:45:17,5,6,7933,14347
2023-09-19 13:45:19,5,6,8033,14447
2023-09-19 13:45:24,5,6,8133,14547
2023-09-19 13:45:27,5,6,8133,14550
2023-09-19 13:45:27,5,7,8133,14674
2023-09-19 13:45:31,6,7,8133,14674
2023-09-19 13:45:31,6,7,8233,14774
2023-09-19 13:45:32,6,7,8333,14874
2023-09-19 13:45:33,6,8,8433,14974
2023-09-19 13:45:40,6,8,8433,15074
2023-09-19 13:45:41,6,8,8433,15174
2023-09-19 13:45:41,6,8,8433,15274
2023-09-19 13:45:42,6,9,8433,15274
2023-09-19 13:45:42,7,9,8433,15274
2023-09-19 13:45:45,7,9,8433,15374
2023-09-19 13:45:46,7,10,8433,15374
2023-09-19 13:45:46,8,10,8433,15374
2023-09-19 13:45:57,8,10,8433,15474
2023-09-19 13:45:58,8,11,8433,15574
2023-09-19 13:45:59,9,11,8433,15574
2023-09-19 13:46:07,8,11,8433,15574
2023-09-19 13:46:44,9,11,8433,15574
2023-09-19 13:47:03,9,12,8433,15574
2023-09-19 13:47:03,10,12,8433,15574
2023-09-19 13:47:03,11,12,8433,15574
2023-09-19 13:47:34,12,14,8461,15652
2023-09-19 13:47:46,12,15,8461,15652
2023-09-19 13:48:31,12,14,8461,15652
2023-09-19 13:48:32,12,15,8461,15652
2023-09-19 13:48:53,12,13,8461,15652
2023-09-19 13:48:55,12,13,8457,15656
2023-09-19 13:48:56,12,13,8453,15660
2023-09-19 13:48:58,12,13,8453,15720
2023-09-19 13:48:58,12,13,8333,15840
2023-09-19 13:49:00,12,13,8213,15960
2023-09-19 13:49:01,12,13,8213,16100
2023-09-19 13:49:02,12,13,8153,16160
2023-09-19 13:49:04,12,15,8153,16252
2023-09-19 13:49:09,13,15,8153,16252
2023-09-19 13:49:11,14,15,8153,16252
2023-09-19 13:49:12,14,16,8153,16252
2023-09-19 13:49:17,13,16,8153,16252
2023-09-19 13:49:56,13,15,8153,16252
2023-09-19 13:49:56,12,15,8153,16252
2023-09-19 13:50:02,12,16,8153,16252
2023-09-19 13:50:03,13,16,8153,16252
2023-09-19 13:50:11,13,15,8153,16252
2023-09-19 13:50:14,12,15,8153,16252
2023-09-19 13:50:18,12,16,8153,16252
2023-09-19 13:50:19,13,16,8153,16252
2023-09-19 13:50:26,13,14,8153,16252
2023-09-19 13:51:02,12,14,8153,16252
2023-09-19 13:51:26,11,14,8153,16252
2023-09-19 13:51:39,11,13,8153,16252
2023-09-19 13:51:45,10,13,8293,16392
2023-09-19 13:51:45,10,11,8293,16392
2023-09-19 13:52:13,9,11,8293,16392
2023-09-19 13:52:15,10,11,8293,16392
2023-09-19 13:52:21,10,11,8393,16492
2023-09-19 13:52:22,10,12,8433,16532
2023-09-19 13:52:33,10,13,8433,16532
2023-09-19 13:52:36,11,13,8433,16532
2023-09-19 13:52:38,11,14,8433,16532
2023-09-19 13:52:57,12,14,8433,16532
2023-09-19 13:52:57,12,14,8634,16733
2023-09-19 13:53:01,13,14,8634,16733
2023-09-19 13:53:01,13,14,8653,16752
2023-09-19 13:53:18,13,14,8653,16852
2023-09-19 13:53:19,13,14,8653,16952
2023-09-19 13:53:20,13,14,8653,17052
2023-09-19 13:53:21,13,16,8653,17152
2023-09-19 13:53:39,13,15,8653,17152
2023-09-19 13:53:43,13,16,8653,17152
2023-09-19 13:53:56,13,15,8653,17152
2023-09-19 13:54:02,12,15,8653,17152
2023-09-19 13:54:56,13,15,8653,17152
2023-09-19 13:55:02,12,16,8653,17152
2023-09-19 13:55:02,12,15,8653,17152
2023-09-19 13:55:35,12,14,8653,17152
2023-09-19 13:55:47,11,14,8653,17152
2023-09-19 13:56:04,12,14,8653,17152
2023-09-19 13:56:05,11,14,8653,17152
2023-09-19 13:56:21,11,13,8653,17152
2023-09-19 13:56:34,11,13,8653,17252
2023-09-19 13:56:41,10,13,8653,17252
2023-09-19 13:56:41,10,14,8653,17252
2023-09-19 13:56:41,10,12,8653,17252
2023-09-19 13:57:14,10,13,8653,17252
2023-09-19 13:57:26,11,13,8653,17252
2023-09-19 13:57:31,11,14,8653,17252
2023-09-19 13:57:33,12,14,8653,17252
2023-09-19 13:57:37,11,14,8653,17252
2023-09-19 13:57:43,11,13,8653,17252
2023-09-19 13:57:48,11,14,8653,17252
2023-09-19 13:57:52,11,13,8653,17252
2023-09-19 13:58:20,10,13,8653,17252
2023-09-19 13:58:43,10,12,8653,17252
2023-09-19 13:58:44,10,12,8653,17352
2023-09-19 13:58:50,10,13,8653,17352
2023-09-19 13:58:53,10,12,8653,17352
2023-09-19 13:59:39,10,13,8653,17352
2023-09-19 13:59:41,10,12,8653,17352
2023-09-19 14:00:04,10,14,8653,17352
2023-09-19 14:00:04,10,13,8653,17352
2023-09-19 14:00:06,11,13,8653,17352
2023-09-19 14:00:08,11,15,8653,17352
2023-09-19 14:00:08,11,14,8653,17352
2023-09-19 14:00:23,11,13,8653,17352
2023-09-19 14:00:24,10,13,8653,17352
2023-09-19 14:00:52,10,12,8653,17352
2023-09-19 14:00:53,10,12,8653,17452
2023-09-19 14:00:54,10,13,8653,17452
2023-09-19 14:00:55,10,12,8653,17452
2023-09-19 14:01:19,9,12,8653,17452
2023-09-19 14:01:21,10,12,8653,17452
2023-09-19 14:01:38,9,12,8653,17452
2023-09-19 14:01:56,9,11,8653,17452
2023-09-19 14:01:59,9,12,8653,17452
2023-09-19 14:02:01,10,12,8653,17452
2023-09-19 14:02:06,11,12,8653,17452
2023-09-19 14:02:06,11,14,8653,17452
2023-09-19 14:02:06,11,13,8653,17452
2023-09-19 14:02:13,12,13,8653,17452
2023-09-19 14:02:13,12,14,8653,17452
2023-09-19 14:02:14,13,14,8653,17452
2023-09-19 14:02:15,12,14,8653,17452
2023-09-19 14:02:16,12,15,8653,17452
2023-09-19 14:02:19,13,15,8653,17452
2023-09-19 14:02:20,14,15,8653,17452
2023-09-19 14:02:23,14,15,8753,17552
2023-09-19 14:02:24,14,16,8853,17652
2023-09-19 14:02:27,15,16,8853,17652
2023-09-19 14:02:31,15,17,8853,17652
2023-09-19 14:02:34,16,17,8853,17652
2023-09-19 14:02:34,16,19,8853,17652
2023-09-19 14:02:34,16,18,8853,17652
2023-09-19 14:02:43,15,18,8853,17652
2023-09-19 14:02:51,15,19,8853,17652
2023-09-19 14:02:51,15,17,8853,17652
2023-09-19 14:02:52,16,17,8853,17652
2023-09-19 14:02:52,16,19,8853,17652
2023-09-19 14:02:52,16,18,8853,17652
2023-09-19 14:02:57,15,18,8853,17652
2023-09-19 14:02:57,15,19,8853,17652
2023-09-19 14:02:57,15,17,8853,17652
2023-09-19 14:03:13,14,17,8853,17652
2023-09-19 14:03:13,14,18,8853,17652
2023-09-19 14:03:13,14,16,8853,17652
2023-09-19 14:03:20,13,16,8853,17652
2023-09-19 14:03:23,13,17,8853,17652
2023-09-19 14:03:23,13,15,8853,17652
2023-09-19 14:03:29,12,15,8853,17652
2023-09-19 14:03:30,12,16,8853,17652
2023-09-19 14:03:30,12,14,8853,17652
2023-09-19 14:03:54,11,14,8853,17652
2023-09-19 14:04:00,11,13,8853,17652
2023-09-19 14:04:01,11,15,8853,17652
2023-09-19 14:04:01,11,14,8853,17652
2023-09-19 14:04:03,12,14,8853,17652
2023-09-19 14:04:15,12,16,8853,17652
2023-09-19 14:04:15,12,15,8853,17652
2023-09-19 14:04:16,13,15,8853,17652
2023-09-19 14:04:23,13,17,8853,17652
2023-09-19 14:04:23,13,16,8853,17652
2023-09-19 14:04:27,14,16,8853,17652
2023-09-19 14:04:31,13,16,8853,17652
2023-09-19 14:04:44,14,16,8853,17652
2023-09-19 14:05:05,13,16,8853,17652
2023-09-19 14:05:06,13,17,8853,17652
2023-09-19 14:05:06,13,15,8853,17652
2023-09-19 14:05:10,14,15,8853,17652
2023-09-19 14:05:10,14,17,8853,17652
2023-09-19 14:05:10,14,16,8853,17652
2023-09-19 14:05:16,13,16,8853,17652
2023-09-19 14:05:18,13,17,8853,17652
2023-09-19 14:05:18,13,15,8853,17652
2023-09-19 14:05:38,12,15,8853,17652
2023-09-19 14:05:41,13,15,8853,17652
2023-09-19 14:05:46,12,15,8853,17652
2023-09-19 14:06:03,13,15,8853,17652
2023-09-19 14:06:07,13,17,8853,17652
2023-09-19 14:06:07,13,16,8853,17652
2023-09-19 14:06:28,14,16,8853,17652
2023-09-19 14:06:32,13,16,8853,17652
2023-09-19 14:06:41,14,16,8853,17652
2023-09-19 14:06:46,14,17,8853,17652
2023-09-19 14:06:49,15,17,8853,17652
2023-09-19 14:06:52,14,17,8853,17652
2023-09-19 14:06:57,15,17,8853,17652
2023-09-19 14:06:58,14,17,8853,17652
2023-09-19 14:07:09,14,16,8853,17652
2023-09-19 14:07:13,13,16,8853,17652
2023-09-19 14:07:44,14,16,8853,17652
2023-09-19 14:07:45,14,17,8853,17652
2023-09-19 14:07:53,14,16,8853,17652
2023-09-19 14:08:00,13,16,8853,17652
2023-09-19 14:08:21,13,15,8853,17652
2023-09-19 14:08:27,13,17,8853,17652
2023-09-19 14:08:27,13,16,8853,17652
2023-09-19 14:08:31,14,16,8853,17652
2023-09-19 14:08:47,13,16,8853,17652
2023-09-19 14:08:52,13,17,8853,17652
2023-09-19 14:08:52,13,15,8853,17652
2023-09-19 14:08:59,12,15,8853,17652
2023-09-19 14:09:01,13,15,8853,17652
2023-09-19 14:09:06,12,15,8853,17652
2023-09-19 14:09:10,12,14,8853,17652
2023-09-19 14:09:13,11,14,8853,17652
2023-09-19 14:09:16,11,15,8853,17652
2023-09-19 14:09:16,11,13,8853,17652
2023-09-19 14:09:17,10,13,8853,17652
2023-09-19 14:09:18,11,13,8853,17652
2023-09-19 14:10:03,12,13,8853,17652
2023-09-19 14:10:24,12,15,8853,17652
2023-09-19 14:10:24,12,14,8853,17652
2023-09-19 14:10:26,13,14,8853,17652
2023-09-19 14:10:27,13,16,8853,17652
2023-09-19 14:10:27,13,15,8853,17652
2023-09-19 14:10:33,14,15,8853,17652
2023-09-19 14:10:43,13,15,8853,17652
2023-09-19 14:10:44,14,15,8853,17652
2023-09-19 14:10:49,13,15,8853,17652
2023-09-19 14:10:51,14,15,8853,17652
2023-09-19 14:10:58,13,15,8853,17652
2023-09-19 14:11:00,13,16,8853,17652
2023-09-19 14:11:00,13,14,8853,17652
2023-09-19 14:11:00,12,14,8853,17652
2023-09-19 14:11:03,13,14,8853,17652
2023-09-19 14:11:05,13,17,8853,17652
2023-09-19 14:11:05,13,15,8853,17652
2023-09-19 14:11:17,12,15,8853,17652
2023-09-19 14:11:18,12,13,8853,17652
2023-09-19 14:11:42,12,16,8853,17652
2023-09-19 14:11:42,12,14,8853,17652
2023-09-19 14:11:45,12,16,8853,17652
2023-09-19 14:11:45,12,13,8853,17652
2023-09-19 14:11:52,11,13,8853,17652
2023-09-19 14:11:57,11,14,8853,17652
2023-09-19 14:11:57,11,12,8853,17652
2023-09-19 14:11:59,11,15,8853,17652
2023-09-19 14:11:59,11,13,8853,17652
2023-09-19 14:12:06,12,13,8853,17652
2023-09-19 14:12:07,12,15,8853,17652
2023-09-19 14:12:07,12,14,8853,17652
2023-09-19 14:12:15,13,14,8853,17652
2023-09-19 14:12:16,12,14,8853,17652
2023-09-19 14:12:32,11,14,8853,17652
2023-09-19 14:12:32,11,16,8853,17652
2023-09-19 14:12:32,11,13,8853,17652
2023-09-19 14:12:33,12,13,8853,17652
2023-09-19 14:12:36,11,13,8853,17652
2023-09-19 14:12:46,12,13,8853,17652
2023-09-19 14:12:47,11,13,8853,17652
2023-09-19 14:12:48,12,13,8853,17652
2023-09-19 14:12:50,11,13,8853,17652
2023-09-19 14:13:02,11,14,8853,17652
2023-09-19 14:13:02,11,12,8853,17652
2023-09-19 14:13:26,11,12,8852,17653
2023-09-19 14:13:54,11,13,8852,17653
2023-09-19 14:14:33,10,13,8852,17653
2023-09-19 14:14:58,10,12,8852,17653
2023-09-19 14:15:00,9,12,8852,17653
2023-09-19 14:15:09,9,11,8852,17653
2023-09-19 14:15:09,8,11,8852,17653
2023-09-19 14:15:13,8,10,8852,17653
2023-09-19 14:15:31,7,10,8852,17853
2023-09-19 14:15:40,7,9,8852,17853
2023-09-19 14:15:43,8,9,8852,17853
2023-09-19 14:15:54,7,9,8852,17853
2023-09-19 14:16:03,8,9,8852,17853
2023-09-19 14:16:25,7,9,8852,17853
2023-09-19 14:16:36,7,9,8852,17953
2023-09-19 14:18:46,8,9,8852,17953
2023-09-19 14:18:51,8,9,8852,18053
2023-09-19 14:18:52,8,11,8852,18153
2023-09-19 14:18:56,8,12,8852,18153
2023-09-19 14:18:58,8,11,8852,18153
2023-09-19 14:19:02,7,11,8852,18153
2023-09-19 14:19:17,8,11,8852,18153
2023-09-19 14:19:31,9,11,8852,18153
2023-09-19 14:19:32,9,12,8852,18153
2023-09-19 14:19:45,9,13,8852,18153
2023-09-19 14:20:02,10,13,8852,18153
2023-09-19 14:20:05,11,13,8852,18153
2023-09-19 14:20:09,11,14,8852,18153
2023-09-19 14:20:15,11,13,8852,18153
2023-09-19 14:20:17,10,13,8852,18153
2023-09-19 14:20:21,10,14,8852,18153
2023-09-19 14:20:25,11,14,8852,18153
2023-09-19 14:20:25,11,13,8852,18153
2023-09-19 14:20:27,11,14,8852,18153
2023-09-19 14:20:47,10,14,8852,18153
2023-09-19 14:20:54,10,13,8852,18153
2023-09-19 14:21:14,9,13,8852,18153
2023-09-19 14:21:17,9,12,8852,18153
2023-09-19 14:21:19,9,13,8852,18153
2023-09-19 14:21:21,9,12,8852,18153
2023-09-19 14:22:05,9,13,8852,18153
2023-09-19 14:22:09,10,13,8852,18153
2023-09-19 14:22:19,10,12,8852,18153
2023-09-19 14:22:19,9,12,8852,18153
2023-09-19 14:22:22,9,13,8852,18153
2023-09-19 14:22:23,10,13,8852,18153
2023-09-19 14:23:41,10,12,8852,18153
2023-09-19 14:24:03,10,13,8852,18153
2023-09-19 14:24:27,10,12,8852,18153
2023-09-19 14:24:28,9,12,8852,18153
2023-09-19 14:24:33,9,11,8852,18153
2023-09-19 14:24:40,9,12,8852,18153
2023-09-19 14:24:43,9,11,8852,18153
2023-09-19 14:24:45,9,12,8852,18153
2023-09-19 14:25:02,9,11,8852,18153
2023-09-19 14:25:07,9,12,8852,18153
2023-09-19 14:25:12,9,11,8852,18153
2023-09-19 14:25:13,9,12,8852,18153
2023-09-19 14:25:15,9,11,8852,18153
2023-09-19 14:25:31,9,12,8852,18153
2023-09-19 14:25:34,9,11,8852,18153
2023-09-19 14:25:34,9,12,8852,18153
2023-09-19 14:25:36,9,11,8852,18153
2023-09-19 14:25:52,9,12,8852,18153
2023-09-19 14:25:54,8,12,8852,18153
2023-09-19 14:25:55,8,11,8852,18153
2023-09-19 14:25:56,8,12,8852,18153
2023-09-19 14:26:01,8,11,8852,18153
2023-09-19 14:26:02,8,12,8852,18153
2023-09-19 14:26:03,8,11,8852,18153
2023-09-19 14:26:04,8,12,8852,18153
2023-09-19 14:26:06,9,12,8852,18153
2023-09-19 14:26:13,9,11,8852,18153
2023-09-19 14:26:23,9,12,8852,18153
2023-09-19 14:26:24,10,12,8852,18153
2023-09-19 14:26:28,10,13,8852,18153
2023-09-19 14:26:40,11,13,8852,18153
2023-09-19 14:26:41,11,14,8852,18153
2023-09-19 14:27:11,11,13,8852,18153
2023-09-19 14:27:19,11,14,8852,18153
2023-09-19 14:27:23,11,13,8852,18153
2023-09-19 14:27:32,11,14,8852,18153
2023-09-19 14:27:44,11,13,8852,18153
2023-09-19 14:28:01,11,12,8852,18153
2023-09-19 14:28:01,9,12,8852,18153
2023-09-19 14:28:02,9,12,8852,18153
2023-09-19 14:28:53,10,12,8852,18153
2023-09-19 14:29:18,10,11,8852,18153
2023-09-19 14:29:18,7,11,8852,18153
2023-09-19 14:29:21,9,10,8852,18153
2023-09-19 14:29:21,7,10,8852,18153
2023-09-19 14:29:23,8,9,8852,18153
2023-09-19 14:29:23,7,9,8852,18153
2023-09-19 14:30:03,6,9,8852,18153
2023-09-19 14:30:05,7,9,8852,18153
2023-09-19 14:30:22,6,9,8852,18153
2023-09-19 14:30:29,7,9,8852,18153
2023-09-19 14:30:29,7,9,8855,18156
2023-09-19 14:30:29,7,8,8855,18156
2023-09-19 14:30:35,7,10,8855,18156
2023-09-19 14:30:35,7,9,8855,18156
2023-09-19 14:30:37,8,9,8855,18156
2023-09-19 14:30:41,6,9,8855,18156
2023-09-19 14:30:41,7,9,8855,18156
2023-09-19 14:30:53,8,9,8855,18156
2023-09-19 14:31:01,8,11,8855,18156
2023-09-19 14:31:01,8,10,8855,18156
2023-09-19 14:31:07,9,10,8855,18156
2023-09-19 14:31:08,9,12,8855,18156
2023-09-19 14:31:08,9,11,8855,18156
2023-09-19 14:31:12,9,12,8855,18156
2023-09-19 14:31:12,8,12,8855,18156
2023-09-19 14:31:12,8,10,8855,18156
2023-09-19 14:32:26,8,12,8855,18156
2023-09-19 14:32:26,8,11,8855,18156
2023-09-19 14:32:42,9,11,8855,18156
2023-09-19 14:32:47,9,13,8855,18156
2023-09-19 14:32:47,9,12,8855,18156
2023-09-19 14:32:51,9,13,8855,18156
2023-09-19 14:32:51,9,11,8855,18156
2023-09-19 14:33:02,8,11,8855,18156
2023-09-19 14:33:06,9,11,8855,18156
2023-09-19 14:34:24,9,13,8855,18156
2023-09-19 14:34:24,9,12,8855,18156
2023-09-19 14:34:27,10,12,8855,18156
2023-09-19 14:34:29,10,14,8855,18156
2023-09-19 14:34:29,10,13,8855,18156
2023-09-19 14:34:37,11,13,8855,18156
2023-09-19 14:34:38,11,15,8855,18156
2023-09-19 14:34:38,11,14,8855,18156
2023-09-19 14:34:42,12,14,8855,18156
2023-09-19 14:34:49,11,14,8855,18156
2023-09-19 14:34:51,11,16,8855,18159
2023-09-19 14:34:51,11,15,8855,18159
2023-09-19 14:34:54,11,16,8855,18159
2023-09-19 14:34:54,11,15,8855,18159
2023-09-19 14:35:00,12,15,8855,18159
2023-09-19 14:35:02,13,15,8855,18159
2023-09-19 14:35:02,13,17,8855,18159
2023-09-19 14:35:02,13,16,8855,18159
2023-09-19 14:35:02,13,17,8855,18159
2023-09-19 14:35:03,16,17,8855,18159
2023-09-19 14:35:08,16,17,8855,18219
2023-09-19 14:35:09,16,17,8955,18319
2023-09-19 14:35:11,16,19,8955,18319
2023-09-19 14:35:14,16,21,8955,18319
2023-09-19 14:35:14,17,21,8955,18319
2023-09-19 14:35:15,18,21,8955,18319
2023-09-19 14:35:18,18,21,8955,18319
2023-09-19 14:35:19,19,21,8955,18319
2023-09-19 14:35:21,18,21,8955,18319
2023-09-19 14:35:26,19,21,8955,18319
2023-09-19 14:35:29,18,21,8955,18319
2023-09-19 14:35:30,19,21,8955,18319
2023-09-19 14:35:43,18,21,8955,18319
2023-09-19 14:36:10,19,21,8955,18319
2023-09-19 14:36:15,20,21,8955,18319
2023-09-19 14:36:21,20,21,8955,18519
2023-09-19 14:36:22,20,21,8955,18719
2023-09-19 14:36:22,20,21,8895,18779
2023-09-19 14:36:22,20,26,8855,18819
2023-09-19 14:36:22,22,26,8855,18819
2023-09-19 14:36:23,21,26,8855,18819
2023-09-19 14:36:23,23,26,8855,18819
2023-09-19 14:36:30,23,28,8855,18819
2023-09-19 14:36:30,24,28,8855,18819
2023-09-19 14:36:41,24,25,8855,18819
2023-09-19 14:36:42,24,25,8944,18919
2023-09-19 14:36:45,24,25,9044,19019
2023-09-19 14:36:46,24,25,9244,19219
2023-09-19 14:36:47,25,29,9344,19319
2023-09-19 14:36:48,26,29,9344,19319
2023-09-19 14:36:48,26,31,9344,19319
2023-09-19 14:36:48,27,31,9344,19319
2023-09-19 14:36:50,28,31,9344,19319
2023-09-19 14:36:50,28,33,9344,19319
2023-09-19 14:36:52,27,33,9344,19319
2023-09-19 14:36:52,27,32,9344,19319
2023-09-19 14:36:55,26,32,9344,19319
2023-09-19 14:36:55,27,32,9344,19319
2023-09-19 14:36:55,29,33,9344,19319
2023-09-19 14:36:56,30,33,9344,19319
2023-09-19 14:36:56,30,35,9344,19319
2023-09-19 14:37:00,31,35,9344,19319
2023-09-19 14:37:03,31,36,9344,19319
2023-09-19 14:37:04,32,36,9344,19319
2023-09-19 14:37:04,32,37,9344,19319
2023-09-19 14:37:07,33,37,9344,19319
2023-09-19 14:37:07,33,35,9344,19319
2023-09-19 14:37:12,32,35,9344,19319
2023-09-19 14:37:15,33,35,9344,19319
2023-09-19 14:37:17,32,35,9344,19319
2023-09-19 14:37:21,33,35,9344,19319
2023-09-19 14:37:24,32,35,9344,19319
2023-09-19 14:37:24,32,38,9544,19519
2023-09-19 14:37:24,37,42,9544,19519
2023-09-19 14:37:25,40,42,9544,19519
2023-09-19 14:37:25,40,42,9544,19619
2023-09-19 14:37:27,40,42,9544,19719
2023-09-19 14:37:27,38,42,9544,19719
2023-09-19 14:37:28,39,43,9544,19719
2023-09-19 14:37:31,39,44,9544,19719
2023-09-19 14:37:31,40,44,9544,19719
2023-09-19 14:37:32,41,44,9544,19719
2023-09-19 14:37:32,41,45,9544,19719
2023-09-19 14:37:32,42,45,9544,19719
2023-09-19 14:37:37,42,44,9544,19719
2023-09-19 14:37:37,41,44,9544,19719
2023-09-19 14:37:40,41,45,9544,19719
2023-09-19 14:37:41,41,44,9544,19719
2023-09-19 14:37:42,38,44,9544,19719
2023-09-19 14:37:43,40,43,9544,19719
2023-09-19 14:37:44,40,44,9544,19719
2023-09-19 14:37:45,40,42,9544,19719
2023-09-19 14:37:57,39,42,9544,19719
2023-09-19 14:37:58,40,42,9544,19719
2023-09-19 14:38:06,39,42,9544,19719
2023-09-19 14:38:07,38,42,9544,19719
2023-09-19 14:38:11,37,42,9544,19719
2023-09-19 14:38:12,37,40,9544,19719
2023-09-19 14:38:13,36,40,9544,19719
2023-09-19 14:38:15,36,39,9544,19719
2023-09-19 14:38:16,35,39,9544,19719
2023-09-19 14:38:21,35,37,9544,19719
2023-09-19 14:38:21,34,37,9544,19719
2023-09-19 14:38:24,34,39,9544,19719
2023-09-19 14:38:26,35,39,9544,19719
2023-09-19 14:38:27,35,40,9544,19719
2023-09-19 14:38:27,34,40,9544,19719
2023-09-19 14:38:27,36,40,9544,19719
2023-09-19 14:38:29,36,40,9544,19723
2023-09-19 14:38:33,37,40,9544,19723
2023-09-19 14:38:37,36,40,9544,19723
2023-09-19 14:39:14,37,40,9544,19723
2023-09-19 14:39:15,37,42,9544,19723
2023-09-19 14:39:26,37,41,9544,19723
2023-09-19 14:39:27,37,42,9544,19723
2023-09-19 14:39:28,37,40,9544,19723
2023-09-19 14:39:28,36,40,9544,19723
2023-09-19 14:39:31,36,39,9544,19723
2023-09-19 14:39:33,36,40,9544,19723
2023-09-19 14:39:36,36,39,9544,19723
2023-09-19 14:39:37,36,40,9544,19723
2023-09-19 14:39:39,36,39,9544,19723
2023-09-19 14:39:41,36,40,9544,19723
2023-09-19 14:39:42,36,39,9544,19723
2023-09-19 14:39:44,35,39,9544,19723
2023-09-19 14:39:47,35,37,9544,19723
2023-09-19 14:39:47,34,37,9544,19723
2023-09-19 14:39:50,33,37,9544,19723
2023-09-19 14:39:50,34,37,9544,19723
2023-09-19 14:39:53,34,36,9544,19723
2023-09-19 14:39:55,32,33,9719,19898
2023-09-19 14:39:59,32,36,9769,19948
2023-09-19 14:40:00,33,36,9769,19948
2023-09-19 14:40:03,33,37,9769,19948
2023-09-19 14:40:08,33,36,9769,19948
2023-09-19 14:40:09,32,36,9769,19948
2023-09-19 14:40:09,32,35,9769,19948
2023-09-19 14:40:10,32,36,9769,20023
2023-09-19 14:40:17,32,37,9769,20023
2023-09-19 14:40:18,32,36,9769,20023
2023-09-19 14:40:19,32,37,9769,20023
2023-09-19 14:40:19,33,37,9769,20023
2023-09-19 14:40:23,33,39,9769,20023
2023-09-19 14:40:23,34,39,9769,20023
2023-09-19 14:40:24,34,38,9769,20023
2023-09-19 14:40:31,33,38,9769,20023
2023-09-19 14:40:40,33,39,9769,20023
2023-09-19 14:40:40,34,39,9769,20023
2023-09-19 14:40:44,34,38,9769,20023
2023-09-19 14:40:47,34,39,9769,20023
2023-09-19 14:40:48,34,38,9769,20023
2023-09-19 14:40:49,34,39,9769,20023
2023-09-19 14:40:54,35,39,9769,20023
2023-09-19 14:40:55,36,39,9769,20023
2023-09-19 14:40:56,36,40,9769,20023
2023-09-19 14:41:03,36,42,9769,20023
2023-09-19 14:41:05,37,42,9769,20023
2023-09-19 14:41:11,37,40,9769,20023
2023-09-19 14:41:11,36,40,9769,20023
2023-09-19 14:41:19,36,39,9769,20023
2023-09-19 14:41:21,36,38,9769,20023
2023-09-19 14:41:24,36,39,9769,20023
2023-09-19 14:42:01,36,40,9769,20023
2023-09-19 14:42:07,36,39,9769,20023
2023-09-19 14:42:10,36,40,9769,20023
2023-09-19 14:42:14,36,39,9769,20023
2023-09-19 14:42:19,36,40,9769,20023
2023-09-19 14:42:20,36,38,9769,20023
2023-09-19 14:42:25,36,37,9769,20023
2023-09-19 14:42:26,36,38,9769,20023
2023-09-19 14:42:42,36,37,9769,20023
2023-09-19 14:42:46,35,36,9742,20054
2023-09-19 14:42:47,33,35,9742,20154
2023-09-19 14:42:47,31,35,9742,20154
2023-09-19 14:42:48,31,36,9742,20154
2023-09-19 14:43:08,31,35,9742,20154
2023-09-19 14:43:10,30,35,9742,20154
2023-09-19 14:43:11,30,33,9742,20154
2023-09-19 14:43:15,30,35,9742,20154
2023-09-19 14:43:27,31,35,9742,20154
2023-09-19 14:43:31,31,36,9742,20154
2023-09-19 14:43:35,32,36,9742,20154
2023-09-19 14:44:01,31,36,9742,20154
2023-09-19 14:44:02,31,35,9742,20154
2023-09-19 14:44:03,31,36,9742,20154
2023-09-19 14:44:04,31,35,9742,20154
2023-09-19 14:44:07,31,36,9742,20154
2023-09-19 14:44:08,31,35,9742,20154
2023-09-19 14:44:10,31,36,9742,20154
2023-09-19 14:44:11,31,35,9742,20154
2023-09-19 14:44:25,30,35,9742,20154
2023-09-19 14:44:27,30,34,9742,20154
2023-09-19 14:44:29,30,35,9742,20154
2023-09-19 14:44:32,31,35,9742,20154
2023-09-19 14:44:38,31,36,9742,20154
2023-09-19 14:44:39,30,36,9742,20154
2023-09-19 14:44:42,32,35,9742,20154
2023-09-19 14:44:42,30,35,9742,20154
2023-09-19 14:44:42,31,35,9742,20154
2023-09-19 14:45:00,31,36,9742,20154
2023-09-19 14:45:01,32,36,9742,20154
2023-09-19 14:45:02,32,35,9742,20154
2023-09-19 14:45:02,30,35,9742,20154
2023-09-19 14:45:02,31,35,9742,20154
2023-09-19 14:45:03,31,36,9742,20154
2023-09-19 14:45:03,30,36,9742,20154
2023-09-19 14:45:03,32,36,9742,20154
2023-09-19 14:45:04,32,37,9742,20154
2023-09-19 14:45:04,33,37,9742,20154
2023-09-19 14:45:05,34,37,9742,20154
2023-09-19 14:45:12,32,37,9742,20154
2023-09-19 14:45:12,33,37,9742,20154
2023-09-19 14:45:15,33,36,9742,20154
2023-09-19 14:45:17,32,36,9742,20154
2023-09-19 14:45:33,32,35,9742,20154
2023-09-19 14:45:34,32,36,9742,20154
2023-09-19 14:45:44,32,34,9742,20154
2023-09-19 14:45:44,31,34,9742,20154
2023-09-19 14:45:46,31,33,9742,20154
2023-09-19 14:45:46,30,33,9742,20154
2023-09-19 14:45:49,30,34,9742,20154
2023-09-19 14:45:50,30,33,9742,20154
2023-09-19 14:46:03,30,32,9742,20154
2023-09-19 14:46:16,30,31,9742,20154
2023-09-19 14:46:21,30,32,9742,20154
2023-09-19 14:46:31,30,33,9742,20154
2023-09-19 14:46:32,30,32,9742,20154
2023-09-19 14:46:34,30,33,9742,20154
2023-09-19 14:46:39,30,32,9742,20154
2023-09-19 14:46:43,30,31,9742,20154
2023-09-19 14:46:44,30,32,9742,20154
2023-09-19 14:46:45,30,31,9742,20154
2023-09-19 14:47:02,30,32,9742,20154
2023-09-19 14:47:14,30,33,9742,20154
2023-09-19 14:47:31,30,32,9742,20154
2023-09-19 14:47:52,30,31,9742,20154
2023-09-19 14:47:53,28,29,9742,20160
2023-09-19 14:47:53,27,29,9742,20160
2023-09-19 14:47:54,27,28,9742,20160
2023-09-19 14:47:54,26,28,9742,20160
2023-09-19 14:47:54,26,28,9742,20260
2023-09-19 14:47:55,25,28,9742,20260
2023-09-19 14:48:05,25,27,9742,20260
2023-09-19 14:48:05,23,27,9742,20260
2023-09-19 14:48:10,25,27,9742,20260
2023-09-19 14:48:12,23,27,9742,20260
2023-09-19 14:48:12,24,27,9742,20260
2023-09-19 14:48:14,24,28,9742,20260
2023-09-19 14:48:14,23,28,9742,20260
2023-09-19 14:48:26,25,27,9742,20260
2023-09-19 14:48:26,23,27,9742,20260
2023-09-19 14:48:26,24,27,9742,20260
2023-09-19 14:48:38,24,25,9742,20260
2023-09-19 14:48:38,22,25,9742,20260
2023-09-19 14:48:38,23,25,9742,20260
2023-09-19 14:48:41,22,25,9742,20260
2023-09-19 14:49:06,23,25,9742,20260
2023-09-19 14:49:09,23,27,9742,20260
2023-09-19 14:49:10,23,26,9742,20260
2023-09-19 14:49:11,23,27,9742,20260
2023-09-19 14:49:12,22,27,9742,20260
2023-09-19 14:49:12,24,27,9742,20260
2023-09-19 14:49:14,23,27,9742,20260
2023-09-19 14:49:22,23,26,9742,20260
2023-09-19 14:49:28,23,27,9742,20260
2023-09-19 14:49:31,24,27,9742,20260
2023-09-19 14:49:39,24,28,9742,20260
2023-09-19 14:49:40,24,27,9742,20260
2023-09-19 14:49:41,24,28,9742,20260
2023-09-19 14:49:54,24,27,9742,20260
2023-09-19 14:50:01,23,27,9742,20260
2023-09-19 14:50:03,22,27,9742,20260
2023-09-19 14:50:03,24,27,9742,20260
2023-09-19 14:50:09,24,28,9742,20260
2023-09-19 14:50:10,24,27,9742,20260
2023-09-19 14:50:12,24,28,9742,20260
2023-09-19 14:50:19,24,27,9742,20260
2023-09-19 14:50:24,24,25,9742,20260
2023-09-19 14:50:24,22,25,9742,20260
2023-09-19 14:50:29,22,24,9742,20260
2023-09-19 14:50:35,21,24,9742,20260
2023-09-19 14:50:43,21,23,9742,20260
2023-09-19 14:50:46,19,23,9742,20260
2023-09-19 14:50:46,20,23,9742,20260
2023-09-19 14:50:50,20,24,9742,20260
2023-09-19 14:50:50,21,24,9742,20260
2023-09-19 14:50:51,21,23,9742,20260
2023-09-19 14:50:52,21,24,9742,20260
2023-09-19 14:51:02,21,23,9742,20260
2023-09-19 14:51:02,19,22,9742,20260
2023-09-19 14:51:04,19,21,9742,20260
2023-09-19 14:51:23,19,20,9742,20260
2023-09-19 14:51:23,18,20,9742,20260
2023-09-19 14:51:24,18,19,9742,20260
2023-09-19 14:51:24,16,18,9742,20335
2023-09-19 14:51:25,15,17,9742,20335
2023-09-19 14:51:26,15,17,9682,20395
2023-09-19 14:51:26,15,17,9682,20495
2023-09-19 14:51:27,14,17,9682,20495
2023-09-19 14:51:27,14,16,9682,20495
2023-09-19 14:51:29,14,17,9682,20570
2023-09-19 14:51:30,14,16,9682,20570
2023-09-19 14:51:30,14,16,9682,20670
2023-09-19 14:51:31,14,17,9682,20670
2023-09-19 14:51:32,14,16,9682,20670
2023-09-19 14:51:32,13,16,9682,20670
2023-09-19 14:51:37,13,17,9682,20670
2023-09-19 14:51:40,13,16,9682,20670
2023-09-19 14:51:43,13,15,9682,20670
2023-09-19 14:51:43,12,15,9682,20670
2023-09-19 14:51:48,12,16,9682,20670
2023-09-19 14:51:49,13,16,9682,20670
2023-09-19 14:51:59,13,14,9682,20670
2023-09-19 14:51:59,12,14,9682,20670
2023-09-19 14:52:03,12,16,9682,20670
2023-09-19 14:52:03,13,16,9682,20670
2023-09-19 14:52:08,14,16,9682,20670
2023-09-19 14:52:09,14,17,9682,20670
2023-09-19 14:52:09,15,17,9682,20670
2023-09-19 14:52:13,14,17,9682,20670
2023-09-19 14:52:17,15,17,9682,20670
2023-09-19 14:52:21,14,17,9682,20670
2023-09-19 14:52:27,15,17,9682,20670
2023-09-19 14:52:28,14,17,9682,20670
2023-09-19 14:52:50,14,16,9682,20670
2023-09-19 14:52:54,14,17,9682,20670
2023-09-19 14:53:03,14,16,9682,20670
2023-09-19 14:53:09,14,17,9682,20670
2023-09-19 14:53:13,15,17,9682,20670
2023-09-19 14:53:14,15,19,9682,20670
2023-09-19 14:53:15,15,20,9682,20670
2023-09-19 14:53:17,16,19,9682,20670
2023-09-19 14:53:19,16,20,9682,20670
2023-09-19 14:53:26,16,19,9682,20670
2023-09-19 14:53:40,16,18,9682,20670
2023-09-19 14:53:41,16,19,9682,20670
2023-09-19 14:53:45,16,18,9682,20670
2023-09-19 14:53:46,16,19,9682,20670
2023-09-19 14:53:47,16,18,9682,20670
2023-09-19 14:53:49,16,19,9682,20670
2023-09-19 14:54:02,16,18,9682,20670
2023-09-19 14:54:02,14,18,9682,20670
2023-09-19 14:54:10,15,17,9682,20670
2023-09-19 14:54:14,15,18,9682,20670
2023-09-19 14:54:14,13,18,9682,20670
2023-09-19 14:54:45,15,18,9682,20670
2023-09-19 14:54:46,15,17,9682,20670
2023-09-19 14:55:07,15,18,9682,20670
2023-09-19 14:55:12,15,17,9682,20670
2023-09-19 14:55:25,14,17,9682,20670
2023-09-19 14:55:26,14,16,9682,20670
2023-09-19 14:55:27,14,17,9682,20670
2023-09-19 14:55:32,13,17,9682,20670
2023-09-19 14:55:32,15,17,9682,20670
2023-09-19 14:55:34,15,18,9682,20670
2023-09-19 14:55:38,15,17,9682,20670
2023-09-19 14:55:44,15,18,9682,20670
2023-09-19 14:55:50,15,16,9682,20670
2023-09-19 14:55:50,14,16,9682,20670
2023-09-19 14:55:52,14,15,9682,20670
2023-09-19 14:55:52,13,15,9682,20670
2023-09-19 14:55:56,13,16,9682,20670
2023-09-19 14:55:58,14,16,9682,20670
2023-09-19 14:56:15,14,18,9682,20670
2023-09-19 14:56:15,13,18,9682,20670
2023-09-19 14:56:15,15,18,9682,20670
2023-09-19 14:56:19,15,17,9682,20670
2023-09-19 14:56:21,15,18,9682,20670
2023-09-19 14:56:25,15,17,9682,20670
2023-09-19 14:56:26,15,18,9682,20670
2023-09-19 14:56:34,15,17,9682,20670
2023-09-19 14:56:35,14,17,9682,20670
2023-09-19 14:56:37,14,16,9682,20670
2023-09-19 14:56:40,12,16,9682,20670
2023-09-19 14:56:42,13,15,9682,20670
2023-09-19 14:56:45,13,16,9682,20670
2023-09-19 14:56:48,12,16,9682,20670
2023-09-19 14:56:48,14,16,9682,20670
2023-09-19 14:56:55,13,16,9682,20670
2023-09-19 14:57:03,13,15,9682,20670
2023-09-19 14:57:06,13,14,9682,20670
2023-09-19 14:57:07,12,14,9682,20670
2023-09-19 14:57:09,12,15,9682,20670
2023-09-19 14:57:09,13,15,9682,20670
2023-09-19 14:57:16,13,16,9682,20670
2023-09-19 14:57:22,13,15,9682,20670
2023-09-19 14:57:24,13,16,9682,20670
2023-09-19 14:57:27,12,16,9682,20670
2023-09-19 14:57:27,14,16,9682,20670
2023-09-19 14:57:29,14,17,9682,20670
2023-09-19 14:57:43,14,16,9682,20670
2023-09-19 14:57:47,12,16,9682,20670
2023-09-19 14:57:47,13,16,9682,20670
2023-09-19 14:57:53,12,16,9682,20670
2023-09-19 14:57:55,14,17,9682,20670
2023-09-19 14:58:01,14,16,9682,20670
2023-09-19 14:58:06,14,17,9682,20670
2023-09-19 14:58:11,14,15,9682,20670
2023-09-19 14:58:11,12,15,9682,20670
2023-09-19 14:58:15,13,14,9682,20670
2023-09-19 14:58:15,12,14,9682,20670
2023-09-19 14:58:16,12,13,9682,20670
2023-09-19 14:58:19,10,13,9682,20670
2023-09-19 14:58:24,11,14,9682,20670
2023-09-19 14:58:28,11,13,9682,20670
2023-09-19 14:58:32,11,12,9682,20670
2023-09-19 14:58:32,10,12,9682,20670
2023-09-19 14:58:32,9,12,9682,20670
2023-09-19 14:58:32,10,12,9682,20670
2023-09-19 14:58:33,10,13,9682,20670
2023-09-19 14:58:33,11,13,9682,20670
2023-09-19 14:58:36,11,12,9682,20670
2023-09-19 14:58:36,10,12,9682,20670
2023-09-19 14:58:42,10,13,9682,20670
2023-09-19 14:58:45,10,12,9682,20670
2023-09-19 14:58:46,10,13,9682,20670
2023-09-19 14:59:02,10,11,9682,20670
2023-09-19 14:59:02,9,11,9682,20670
2023-09-19 14:59:12,9,10,9682,20670
2023-09-19 14:59:12,8,10,9682,20670
2023-09-19 14:59:28,7,10,9682,20670
2023-09-19 14:59:31,7,9,9682,20670
2023-09-19 14:59:34,7,9,9682,20770
2023-09-19 14:59:35,7,10,9682,20770
2023-09-19 14:59:36,7,9,9682,20770
2023-09-19 14:59:37,7,8,9682,20770
2023-09-19 14:59:37,6,8,9682,20770
2023-09-19 14:59:37,6,8,9682,20870
2023-09-19 14:59:38,6,7,9682,20870
2023-09-19 14:59:38,5,7,9682,20870
2023-09-19 14:59:38,6,7,9682,20870
2023-09-19 14:59:38,5,7,9682,20870
2023-09-19 14:59:39,5,7,9682,20970
2023-09-19 14:59:40,5,7,9682,21070
2023-09-19 14:59:41,5,8,9682,21170
2023-09-19 14:59:49,6,8,9682,21170
2023-09-19 14:59:52,6,9,9682,21170
2023-09-19 15:00:01,6,7,9682,21170
2023-09-19 15:00:01,5,7,9682,21170
2023-09-19 15:00:02,5,6,9682,21170
2023-09-19 15:00:02,4,6,9682,21170
2023-09-19 15:00:03,4,5,9682,21170
2023-09-19 15:00:04,4,6,9682,21170
2023-09-19 15:00:04,4,6,9682,21270
2023-09-19 15:00:20,4,7,9682,21270
2023-09-19 15:00:22,4,5,9682,21270
2023-09-19 15:00:30,4,7,9682,21270
2023-09-19 15:00:45,5,7,9682,21270
2023-09-19 15:01:01,4,7,9682,21270
2023-09-19 15:01:27,5,7,9682,21270
2023-09-19 15:01:34,4,7,9682,21270
2023-09-19 15:01:40,4,6,9682,21270
2023-09-19 15:01:41,4,7,9682,21270
2023-09-19 15:01:42,4,6,9682,21270
2023-09-19 15:01:43,4,7,9682,21270
2023-09-19 15:01:54,5,7,9682,21270
2023-09-19 15:02:01,4,7,9682,21270
2023-09-19 15:02:06,4,6,9682,21270
2023-09-19 15:02:14,3,6,9757,21345
2023-09-19 15:02:14,3,5,9757,21345
2023-09-19 15:02:14,4,5,9757,21345
2023-09-19 15:02:47,4,7,9757,21345
2023-09-19 15:02:47,4,6,9757,21345
2023-09-19 15:03:03,4,5,9757,21345
2023-09-19 15:03:09,4,7,9757,21345
2023-09-19 15:03:09,4,6,9757,21345
2023-09-19 15:03:11,5,6,9757,21345
2023-09-19 15:03:11,5,7,9757,21345
2023-09-19 15:03:14,6,7,9757,21345
2023-09-19 15:03:17,6,8,9773,21365
2023-09-19 15:03:34,5,8,9773,21365
2023-09-19 15:03:36,5,9,9773,21365
2023-09-19 15:03:36,5,7,9773,21365
2023-09-19 15:03:42,5,10,9773,21365
2023-09-19 15:03:42,5,8,9773,21365
2023-09-19 15:03:46,6,8,9773,21365
2023-09-19 15:03:57,6,10,9773,21365
2023-09-19 15:03:57,6,9,9773,21365
2023-09-19 15:04:01,6,10,9773,21365
2023-09-19 15:04:01,6,8,9773,21365
2023-09-19 15:04:06,5,8,9773,21365
2023-09-19 15:04:20,5,9,9773,21365
2023-09-19 15:04:20,5,7,9773,21365
2023-09-19 15:04:46,4,7,9773,21365
2023-09-19 15:04:46,4,8,9773,21365
2023-09-19 15:04:46,4,6,9773,21365
2023-09-19 15:04:51,4,8,9773,21365
2023-09-19 15:04:51,4,7,9773,21365
2023-09-19 15:05:11,5,7,9773,21365
2023-09-19 15:05:12,4,7,9773,21365
2023-09-19 15:05:45,4,8,9773,21365
2023-09-19 15:05:45,4,6,9773,21365
2023-09-19 15:06:01,4,9,9773,21365
2023-09-19 15:06:01,4,7,9773,21365
2023-09-19 15:06:02,5,7,9773,21365
2023-09-19 15:06:15,4,7,9773,21365
2023-09-19 15:06:22,4,8,9773,21365
2023-09-19 15:06:22,4,6,9773,21365
2023-09-19 15:06:34,4,7,9773,21365
2023-09-19 15:06:34,4,5,9773,21365
2023-09-19 15:07:46,4,7,9773,21365
2023-09-19 15:07:46,4,6,9773,21365
2023-09-19 15:07:51,4,7,9773,21365
2023-09-19 15:07:51,4,5,9773,21365
2023-09-19 15:10:23,4,7,9773,21365
2023-09-19 15:10:23,4,6,9773,21365
2023-09-19 15:10:32,4,7,9773,21365
2023-09-19 15:10:32,4,5,9773,21365
2023-09-19 15:10:39,4,7,9773,21365
2023-09-19 15:10:39,4,6,9773,21365
2023-09-19 15:10:52,4,7,9773,21365
2023-09-19 15:10:52,4,5,9773,21365
2023-09-19 15:11:21,4,5,9573,21565
2023-09-19 15:11:21,4,5,9498,21640
2023-09-19 15:11:29,2,5,9498,21640
2023-09-19 15:11:32,2,4,9498,21640
2023-09-19 15:12:16,1,4,9498,21640
2023-09-19 15:12:21,1,3,9498,21640
2023-09-19 15:12:26,1,4,9498,21640
2023-09-19 15:13:13,2,4,9498,21640
2023-09-19 15:13:52,2,3,9498,21640
2023-09-19 15:13:55,2,4,9498,21640
2023-09-19 15:14:00,2,3,9498,21640
2023-09-19 15:14:43,2,4,9498,21640
2023-09-19 15:14:43,2,3,9498,21640
2023-09-19 15:14:43,2,4,9498,21640
2023-09-19 15:14:44,2,5,9498,21640
2023-09-19 15:14:44,2,4,9498,21640
2023-09-19 15:15:08,3,4,9498,21640
2023-09-19 15:15:09,2,4,9648,21790
2023-09-19 15:15:09,2,3,9648,21790
2023-09-19 15:17:03,2,3,9448,21990
2023-09-19 15:17:04,2,3,9248,22190
2023-09-19 15:17:09,2,3,9125,22390
2023-09-19 15:17:30,2,3,9157,22422
2023-09-19 15:17:38,2,3,9157,22622
2023-09-19 15:18:32,2,3,9164,22629
2023-09-19 15:19:55,2,4,9275,22740
2023-09-19 15:20:21,2,3,9275,22740
2023-09-19 15:23:13,2,3,9275,22940
2023-09-19 15:23:20,2,4,9275,22940
2023-09-19 15:23:33,3,4,9275,22940
2023-09-19 15:23:34,3,4,9275,23290
2023-09-19 15:23:34,3,4,9275,23540
2023-09-19 15:23:34,3,4,9275,23600
2023-09-19 15:23:42,3,4,9398,23800
2023-09-19 15:23:53,3,5,9398,23800
2023-09-19 15:24:24,3,4,9398,23800
2023-09-19 15:25:12,3,5,9398,23800
2023-09-19 15:25:13,4,5,9398,23800
2023-09-19 15:25:14,3,5,9498,23900
2023-09-19 15:25:22,3,6,9498,23900
2023-09-19 15:25:35,5,6,9498,23900
2023-09-19 15:25:35,3,6,9523,23925
2023-09-19 15:25:56,3,6,9535,23937
2023-09-19 15:26:01,4,6,9535,23937
2023-09-19 15:26:31,5,6,9535,23937
2023-09-19 15:26:32,4,6,9535,23937
2023-09-19 15:26:33,5,6,9535,23937
2023-09-19 15:26:45,4,6,9535,23937
2023-09-19 15:26:54,5,6,9535,23937
2023-09-19 15:27:06,5,6,9735,24137
2023-09-19 15:27:07,5,6,9742,24144
2023-09-19 15:27:09,5,7,9942,24344
2023-09-19 15:27:17,5,8,9942,24344
2023-09-19 15:27:21,6,8,9942,24344
2023-09-19 15:27:39,6,9,9942,24344
2023-09-19 15:27:45,8,9,9942,24344
2023-09-19 15:27:47,6,9,9942,24344
2023-09-19 15:27:52,8,9,9942,24344
2023-09-19 15:27:58,7,9,9942,24344
2023-09-19 15:27:58,6,10,9942,24344
2023-09-19 15:27:59,8,10,9942,24344
2023-09-19 15:28:01,6,10,9942,24344
2023-09-19 15:28:03,8,10,9942,24344
2023-09-19 15:28:09,7,10,9942,24344
2023-09-19 15:28:10,7,9,9942,24344
2023-09-19 15:28:12,8,9,9942,24344
2023-09-19 15:28:14,7,9,9942,24344
2023-09-19 15:28:16,8,9,9942,24344
2023-09-19 15:28:18,7,9,9942,24344
2023-09-19 15:28:20,8,9,9942,24344
2023-09-19 15:28:21,7,9,9942,24344
2023-09-19 15:28:32,6,9,9942,24344
2023-09-19 15:28:42,7,9,9942,24344
2023-09-19 15:28:42,7,9,9949,24351
2023-09-19 15:28:44,8,9,9949,24351
2023-09-19 15:28:45,7,9,9949,24351
2023-09-19 15:28:48,8,9,9949,24351
2023-09-19 15:29:19,8,9,10149,24551
2023-09-19 15:29:26,8,10,10149,24551
2023-09-19 15:29:30,9,10,10149,24551
2023-09-19 15:29:35,8,10,10149,24551
2023-09-19 15:29:44,7,10,10149,24551
2023-09-19 15:29:44,7,9,10149,24551
2023-09-19 15:30:12,8,9,10149,24551
2023-09-19 15:30:17,7,9,10149,24551
2023-09-19 15:30:26,7,10,10149,24551
2023-09-19 15:30:27,7,9,10149,24551
2023-09-19 15:30:30,6,9,10149,24551
2023-09-19 15:30:30,6,8,10149,24551
2023-09-19 15:30:35,6,8,10157,24559
2023-09-19 15:30:45,5,8,10157,24634
2023-09-19 15:30:48,4,8,10157,24634
2023-09-19 15:30:58,4,5,10157,24634
2023-09-19 15:30:59,4,5,10146,24645
2023-09-19 15:31:01,4,7,10132,24659
2023-09-19 15:31:08,3,7,10132,24659
2023-09-19 15:31:08,3,6,10132,24659
2023-09-19 15:31:09,3,5,10132,24659
2023-09-19 15:31:18,3,4,10132,24659
2023-09-19 15:31:37,3,5,10130,24734
2023-09-19 15:31:42,3,4,10130,24734
2023-09-19 15:31:43,3,5,10130,24734
2023-09-19 15:31:48,3,4,10130,24734
2023-09-19 15:31:49,3,5,10130,24734
2023-09-19 15:31:50,3,4,10130,24734
2023-09-19 15:32:04,3,5,10130,24734
2023-09-19 15:32:35,3,6,10130,24734
2023-09-19 15:33:47,4,6,10130,24734
2023-09-19 15:33:53,3,6,10130,24734
2023-09-19 15:34:01,3,6,10139,24743
2023-09-19 15:34:11,4,6,10139,24743
2023-09-19 15:34:16,3,6,10139,24743
2023-09-19 15:34:33,4,6,10139,24743
2023-09-19 15:34:44,4,6,10339,24943
2023-09-19 15:34:44,5,6,10339,24943
2023-09-19 15:34:49,5,7,10339,24943
2023-09-19 15:34:58,5,8,10339,24943
2023-09-19 15:34:58,5,7,10339,24943
2023-09-19 15:35:06,4,7,10339,24943
2023-09-19 15:35:30,4,6,10339,24943
2023-09-19 15:35:31,3,6,10339,24943
2023-09-19 15:35:42,4,6,10339,24943
2023-09-19 15:35:57,4,7,10339,24943
2023-09-19 15:35:58,5,7,10339,24943
2023-09-19 15:35:59,6,7,10339,24943
2023-09-19 15:36:01,6,7,10539,25143
2023-09-19 15:36:02,6,7,10739,25343
2023-09-19 15:36:07,6,8,10739,25343
2023-09-19 15:36:08,4,8,10739,25343
2023-09-19 15:36:08,5,8,10739,25343
2023-09-19 15:36:29,6,8,10739,25343
2023-09-19 15:36:38,6,9,10739,25343
2023-09-19 15:36:41,4,9,10739,25343
2023-09-19 15:36:42,4,9,10739,25343
2023-09-19 15:36:42,6,9,10739,25343
2023-09-19 15:36:42,4,9,10739,25343
2023-09-19 15:36:42,6,9,10739,25343
2023-09-19 15:36:42,5,9,10739,25343
2023-09-19 15:36:42,6,9,10739,25343
2023-09-19 15:36:44,4,9,10739,25343
2023-09-19 15:36:44,5,9,10739,25343
2023-09-19 15:36:45,5,8,10739,25343
2023-09-19 15:36:55,4,8,10739,25343
2023-09-19 15:36:56,4,7,10739,25343
2023-09-19 15:36:57,4,5,10739,25343
2023-09-19 15:36:58,3,5,10739,25343
2023-09-19 15:37:01,3,7,10739,25343
2023-09-19 15:37:03,3,6,10739,25343
2023-09-19 15:37:06,3,7,10739,25343
2023-09-19 15:37:08,3,5,10739,25343
2023-09-19 15:37:23,3,4,10739,25343
2023-09-19 15:37:35,3,4,10539,25543
2023-09-19 15:37:36,2,3,10399,25683
2023-09-19 15:37:37,2,4,10399,25683
2023-09-19 15:37:47,2,5,10399,25683
2023-09-19 15:37:48,2,4,10399,25683
2023-09-19 15:37:50,2,5,10399,25683
2023-09-19 15:37:51,2,4,10399,25683
2023-09-19 15:37:52,2,5,10399,25683
2023-09-19 15:38:09,2,4,10399,25683
2023-09-19 15:38:16,2,5,10399,25683
2023-09-19 15:38:38,2,6,10399,25683
2023-09-19 15:39:11,4,6,10399,25683
2023-09-19 15:39:11,4,7,10399,25683
2023-09-19 15:39:22,3,7,10399,25683
2023-09-19 15:39:40,4,7,10399,25683
2023-09-19 15:39:42,5,7,10399,25683
2023-09-19 15:39:56,6,7,10399,25683
2023-09-19 15:40:04,5,7,10399,25683
2023-09-19 15:40:04,4,7,10399,25683
2023-09-19 15:40:07,5,7,10399,25683
2023-09-19 15:40:18,4,7,10399,25683
2023-09-19 15:40:33,5,7,10399,25683
2023-09-19 15:40:51,3,7,10399,25683
2023-09-19 15:40:55,5,7,10399,25683
2023-09-19 15:41:09,7,8,10399,25833
2023-09-19 15:41:10,6,8,10399,25833
2023-09-19 15:41:16,6,9,10399,25833
2023-09-19 15:41:33,6,10,10399,25833
2023-09-19 15:41:38,6,9,10399,25833
2023-09-19 15:41:59,7,9,10399,25833
2023-09-19 15:42:06,5,9,10399,25833
2023-09-19 15:42:06,6,9,10399,25833
2023-09-19 15:42:18,7,9,10399,25833
2023-09-19 15:42:35,7,10,10399,25833
2023-09-19 15:42:42,7,9,10399,25833
2023-09-19 15:42:43,7,10,10399,25833
2023-09-19 15:42:54,5,10,10399,25833
2023-09-19 15:42:54,6,10,10399,25833
2023-09-19 15:42:58,6,9,10399,25833
2023-09-19 15:42:59,5,9,10399,25833
2023-09-19 15:43:08,4,9,10399,25833
2023-09-19 15:43:08,6,9,10399,25833
2023-09-19 15:43:15,7,10,10399,25833
2023-09-19 15:43:25,6,10,10399,25833
2023-09-19 15:43:25,8,10,10399,25833
2023-09-19 15:43:30,8,12,10399,25833
2023-09-19 15:43:32,9,11,10399,25833
2023-09-19 15:43:32,9,13,10399,25833
2023-09-19 15:43:32,9,11,10399,25833
2023-09-19 15:43:32,9,13,10399,25833
2023-09-19 15:43:32,9,12,10399,25833
2023-09-19 15:43:32,9,13,10399,25833
2023-09-19 15:43:33,9,13,10399,25833
2023-09-19 15:43:34,9,12,10399,25833
2023-09-19 15:43:41,9,13,10399,25833
2023-09-19 15:43:47,7,13,10399,25833
2023-09-19 15:43:47,10,13,10399,25833
2023-09-19 15:43:48,7,13,10399,25833
2023-09-19 15:43:48,9,13,10399,25833
2023-09-19 15:43:49,9,10,10399,25833
2023-09-19 15:44:01,9,13,10439,25873
2023-09-19 15:44:06,9,15,10439,25873
2023-09-19 15:44:06,11,15,10439,25873
2023-09-19 15:44:06,11,16,10439,25873
2023-09-19 15:44:06,11,16,10439,25873
2023-09-19 15:44:07,11,15,10439,25873
2023-09-19 15:44:17,12,15,10439,25873
2023-09-19 15:44:20,11,15,10439,25873
2023-09-19 15:44:24,9,15,10439,25873
2023-09-19 15:44:24,10,15,10439,25873
2023-09-19 15:44:25,10,16,10439,25873
2023-09-19 15:44:27,11,16,10439,25873
2023-09-19 15:44:31,13,16,10439,25873
2023-09-19 15:44:38,14,16,10439,25873
2023-09-19 15:44:44,16,21,10439,25903
2023-09-19 15:44:49,14,21,10439,25903
2023-09-19 15:44:51,13,21,10439,25903
2023-09-19 15:44:53,14,21,10439,25903
2023-09-19 15:45:01,18,21,10439,25903
2023-09-19 15:45:01,18,21,10439,25953
2023-09-19 15:45:08,19,21,10439,25953
2023-09-19 15:45:09,18,21,10439,25953
2023-09-19 15:45:09,24,27,10499,26013
2023-09-19 15:45:09,24,29,10499,26013
2023-09-19 15:45:09,24,28,10499,26013
2023-09-19 15:45:09,24,31,10499,26013
2023-09-19 15:45:09,24,30,10499,26013
2023-09-19 15:45:09,24,31,10499,26013
2023-09-19 15:45:09,24,30,10499,26013
2023-09-19 15:45:10,26,30,10499,26013
2023-09-19 15:45:10,26,33,10499,26013
2023-09-19 15:45:11,30,33,10499,26013
2023-09-19 15:45:11,30,38,10499,26013
2023-09-19 15:45:11,30,37,10499,26013
2023-09-19 15:45:12,30,38,10499,26013
2023-09-19 15:45:14,32,38,10499,26013
2023-09-19 15:45:14,32,40,10499,26013
2023-09-19 15:45:21,30,40,10499,26013
2023-09-19 15:45:21,30,39,10499,26013
2023-09-19 15:45:22,30,36,10499,26013
2023-09-19 15:45:23,27,36,10499,26013
2023-09-19 15:45:23,27,35,10499,26013
2023-09-19 15:45:24,27,34,10499,26013
2023-09-19 15:45:27,26,34,10499,26013
2023-09-19 15:45:28,25,34,10499,26013
2023-09-19 15:45:28,25,33,10499,26013
2023-09-19 15:45:30,25,31,10499,26013
2023-09-19 15:45:31,24,31,10499,26013
2023-09-19 15:45:33,25,31,10499,26013
2023-09-19 15:45:34,25,33,10499,26013
2023-09-19 15:45:34,26,33,10499,26013
2023-09-19 15:45:35,27,33,10499,26013
2023-09-19 15:45:38,26,33,10499,26013
2023-09-19 15:45:38,25,33,10499,26013
2023-09-19 15:45:40,25,31,10499,26013
2023-09-19 15:45:43,25,32,10499,26013
2023-09-19 15:45:43,22,29,10499,26013
2023-09-19 15:45:47,21,29,10499,26013
2023-09-19 15:45:48,21,27,10499,26013
2023-09-19 15:45:52,21,28,10499,26013
2023-09-19 15:45:52,21,27,10499,26013
2023-09-19 15:45:52,21,29,10499,26013
2023-09-19 15:45:52,21,28,10499,26013
2023-09-19 15:45:55,22,28,10499,26013
2023-09-19 15:45:57,23,28,10499,26013
2023-09-19 15:45:57,23,29,10499,26013
2023-09-19 15:45:58,23,31,10499,26013
2023-09-19 15:45:58,25,31,10499,26013
2023-09-19 15:45:58,25,32,10499,26013
2023-09-19 15:45:59,25,33,10499,26013
2023-09-19 15:46:01,29,33,10499,26013
2023-09-19 15:46:01,29,36,10499,26013
2023-09-19 15:46:06,27,36,10499,26013
2023-09-19 15:46:06,27,34,10499,26013
2023-09-19 15:46:06,26,34,10499,26013
2023-09-19 15:46:15,26,35,10499,26013
2023-09-19 15:46:15,28,35,10499,26013
2023-09-19 15:46:19,28,34,10499,26013
2023-09-19 15:46:20,28,35,10499,26013
2023-09-19 15:46:21,28,34,10499,26013
2023-09-19 15:46:22,26,34,10499,26013
2023-09-19 15:46:22,25,34,10499,26013
2023-09-19 15:46:23,27,34,10499,26013
2023-09-19 15:46:24,27,35,10499,26013
2023-09-19 15:46:24,30,35,10499,26013
2023-09-19 15:46:24,30,36,10499,26013
2023-09-19 15:46:24,30,37,10499,26013
2023-09-19 15:46:25,32,37,10499,26013
2023-09-19 15:46:25,32,39,10499,26013
2023-09-19 15:46:27,31,39,10499,26013
2023-09-19 15:46:27,30,39,10499,26013
2023-09-19 15:46:28,30,38,10499,26013
2023-09-19 15:46:35,30,37,10499,26013
2023-09-19 15:46:37,30,36,10499,26013
2023-09-19 15:46:38,28,36,10499,26013
2023-09-19 15:46:44,30,36,10499,26013
2023-09-19 15:46:45,30,37,10499,26013
2023-09-19 15:46:45,30,38,10499,26013
2023-09-19 15:46:45,30,37,10499,26013
2023-09-19 15:46:45,30,38,10499,26013
2023-09-19 15:46:48,30,37,10499,26013
2023-09-19 15:46:51,28,37,10499,26013
2023-09-19 15:46:51,28,36,10499,26013
2023-09-19 15:46:53,28,35,10499,26013
2023-09-19 15:46:57,28,36,10499,26013
2023-09-19 15:46:57,28,35,10499,26013
2023-09-19 15:46:57,28,37,10499,26013
2023-09-19 15:46:57,28,36,10499,26013
2023-09-19 15:46:57,28,37,10499,26013
2023-09-19 15:46:58,30,37,10499,26013
2023-09-19 15:47:05,28,37,10499,26013
2023-09-19 15:47:06,30,37,10499,26013
2023-09-19 15:47:10,28,37,10499,26013
2023-09-19 15:47:10,28,36,10499,26013
2023-09-19 15:47:11,28,35,10499,26013
2023-09-19 15:47:13,27,35,10499,26013
2023-09-19 15:47:13,27,34,10499,26013
2023-09-19 15:47:13,26,34,10499,26013
2023-09-19 15:47:17,26,33,10499,26013
2023-09-19 15:47:18,25,33,10499,26013
2023-09-19 15:47:23,27,33,10499,26013
2023-09-19 15:47:23,27,34,10499,26013
2023-09-19 15:47:23,27,33,10499,26013
2023-09-19 15:47:23,27,34,10499,26013
2023-09-19 15:47:23,27,35,10499,26013
2023-09-19 15:47:23,27,34,10499,26013
2023-09-19 15:47:27,26,34,10499,26013
2023-09-19 15:47:28,27,34,10499,26013
2023-09-19 15:47:29,30,34,10499,26013
2023-09-19 15:47:29,30,36,10499,26013
2023-09-19 15:47:29,30,37,10499,26013
2023-09-19 15:47:29,30,36,10499,26013
2023-09-19 15:47:29,30,37,10499,26013
2023-09-19 15:47:36,30,36,10499,26013
2023-09-19 15:47:37,28,36,10499,26013
2023-09-19 15:47:41,28,35,10499,26013
2023-09-19 15:47:43,28,36,10499,26013
2023-09-19 15:47:43,30,36,10499,26013
2023-09-19 15:47:43,30,37,10499,26013
2023-09-19 15:47:43,30,36,10499,26013
2023-09-19 15:47:43,30,37,10499,26013
2023-09-19 15:47:43,30,36,10499,26013
2023-09-19 15:47:43,30,37,10499,26013
2023-09-19 15:47:44,29,37,10499,26013
2023-09-19 15:47:44,28,37,10499,26013
2023-09-19 15:47:45,28,36,10499,26013
2023-09-19 15:47:46,28,34,10499,26013
2023-09-19 15:47:48,26,34,10499,26013
2023-09-19 15:47:51,27,34,10499,26013
2023-09-19 15:47:57,27,35,10499,26013
2023-09-19 15:47:57,27,36,10499,26013
2023-09-19 15:47:59,28,36,10499,26013
2023-09-19 15:48:02,29,36,10499,26013
2023-09-19 15:48:04,29,37,10499,26013
2023-09-19 15:48:07,29,36,10499,26013
2023-09-19 15:48:10,29,35,10499,26013
2023-09-19 15:48:10,27,35,10499,26013
2023-09-19 15:48:12,27,34,10499,26013
2023-09-19 15:48:13,26,34,10499,26013
2023-09-19 15:48:14,26,33,10499,26013
2023-09-19 15:48:15,25,33,10499,26013
2023-09-19 15:48:20,25,30,10499,26013
2023-09-19 15:48:20,23,30,10499,26013
2023-09-19 15:48:28,24,30,10499,26013
2023-09-19 15:48:29,24,32,10499,26013
2023-09-19 15:48:29,25,32,10499,26013
2023-09-19 15:48:29,25,33,10499,26013
2023-09-19 15:48:35,26,33,10499,26013
2023-09-19 15:48:37,25,33,10499,26013
2023-09-19 15:48:40,25,32,10499,26013
2023-09-19 15:48:44,24,32,10499,26013
2023-09-19 15:48:46,24,30,10499,26013
2023-09-19 15:48:49,23,30,10499,26013
2023-09-19 15:48:53,21,30,10499,26013
2023-09-19 15:48:53,22,30,10499,26013
2023-09-19 15:48:54,22,29,10499,26013
2023-09-19 15:48:57,22,26,10499,26013
2023-09-19 15:48:57,20,26,10499,26013
2023-09-19 15:49:00,20,25,10499,26013
2023-09-19 15:49:00,17,25,10499,26013
2023-09-19 15:49:00,19,25,10499,26013
2023-09-19 15:49:02,19,26,10499,26013
2023-09-19 15:49:03,20,26,10499,26013
2023-09-19 15:49:06,17,26,10499,26013
2023-09-19 15:49:06,19,26,10499,26013
2023-09-19 15:49:07,19,24,10499,26013
2023-09-19 15:49:08,18,24,10499,26013
2023-09-19 15:49:12,17,24,10499,26013
2023-09-19 15:49:12,19,24,10499,26013
2023-09-19 15:49:13,17,24,10499,26013
2023-09-19 15:49:16,18,22,10499,26013
2023-09-19 15:49:16,17,22,10499,26013
2023-09-19 15:49:17,17,24,10499,26013
2023-09-19 15:49:18,18,24,10499,26013
2023-09-19 15:49:19,17,24,10499,26013
2023-09-19 15:49:19,19,24,10499,26013
2023-09-19 15:49:21,19,26,10499,26013
2023-09-19 15:49:22,18,26,10499,26013
2023-09-19 15:49:22,20,26,10499,26013
2023-09-19 15:49:23,21,26,10499,26013
2023-09-19 15:49:29,21,28,10499,26013
2023-09-19 15:49:29,20,28,10499,26013
2023-09-19 15:49:29,22,28,10499,26013
2023-09-19 15:49:31,22,29,10499,26013
2023-09-19 15:49:31,22,30,10499,26013
2023-09-19 15:49:34,21,30,10499,26013
2023-09-19 15:49:34,23,30,10499,26013
2023-09-19 15:49:38,22,30,10499,26013
2023-09-19 15:49:39,22,29,10499,26013
2023-09-19 15:49:39,22,29,10499,26014
2023-09-19 15:49:40,22,30,10499,26014
2023-09-19 15:49:40,23,30,10499,26014
2023-09-19 15:49:42,23,29,10499,26014
2023-09-19 15:49:42,22,29,10499,26014
2023-09-19 15:49:43,22,30,10499,26014
2023-09-19 15:49:45,21,30,10499,26014
2023-09-19 15:49:46,23,29,10499,26014
2023-09-19 15:49:46,20,29,10499,26014
2023-09-19 15:49:48,22,30,10499,26014
2023-09-19 15:49:48,22,27,10499,26014
2023-09-19 15:49:51,20,27,10499,26014
2023-09-19 15:49:51,21,27,10499,26014
2023-09-19 15:49:55,21,25,10499,26014
2023-09-19 15:49:55,17,25,10499,26014
2023-09-19 15:49:57,17,27,10499,26014
2023-09-19 15:49:57,17,23,10499,26014
2023-09-19 15:50:01,17,26,10499,26014
2023-09-19 15:50:02,14,26,10499,26014
2023-09-19 15:50:02,14,21,10499,26014
2023-09-19 15:50:03,10,21,10499,26014
2023-09-19 15:50:03,12,19,10499,26014
2023-09-19 15:50:05,14,19,10499,26014
2023-09-19 15:50:06,12,19,10499,26014
2023-09-19 15:50:06,15,19,10499,26014
2023-09-19 15:50:10,15,21,10499,26014
2023-09-19 15:50:10,16,21,10499,26014
2023-09-19 15:50:10,17,21,10499,26014
2023-09-19 15:50:11,17,24,10499,26014
2023-09-19 15:50:11,18,24,10499,26014
2023-09-19 15:50:11,18,25,10499,26014
2023-09-19 15:50:11,19,25,10499,26014
2023-09-19 15:50:12,16,25,10499,26014
2023-09-19 15:50:14,18,23,10499,26014
2023-09-19 15:50:14,17,23,10499,26014
2023-09-19 15:50:15,17,25,10499,26014
2023-09-19 15:50:15,17,21,10499,26014
2023-09-19 15:50:15,16,21,10499,26014
2023-09-19 15:50:16,15,21,10499,26014
2023-09-19 15:50:17,15,20,10499,26014
2023-09-19 15:50:24,15,21,10499,26014
2023-09-19 15:50:24,15,18,10499,26014
2023-09-19 15:50:24,14,18,10499,26014
2023-09-19 15:50:26,14,21,10499,26014
2023-09-19 15:50:26,15,21,10499,26014
2023-09-19 15:50:26,16,21,10499,26014
2023-09-19 15:50:29,14,21,10499,26014
2023-09-19 15:50:29,15,21,10499,26014
2023-09-19 15:50:30,15,19,10499,26014
2023-09-19 15:50:31,12,19,10499,26014
2023-09-19 15:50:31,14,19,10499,26014
2023-09-19 15:50:37,12,19,10499,26014
2023-09-19 15:50:37,15,19,10499,26014
2023-09-19 15:50:38,15,21,10499,26014
2023-09-19 15:50:38,16,21,10499,26014
2023-09-19 15:50:43,15,21,10499,26014
2023-09-19 15:50:50,15,20,10499,26014
2023-09-19 15:50:51,15,21,10499,26014
2023-09-19 15:50:54,15,19,10499,26014
2023-09-19 15:50:54,14,19,10499,26014
2023-09-19 15:50:55,12,19,10499,26014
2023-09-19 15:50:55,13,19,10499,26014
2023-09-19 15:50:57,13,17,10499,26014
2023-09-19 15:50:58,13,19,10499,26014
2023-09-19 15:51:01,14,19,10499,26014
2023-09-19 15:51:03,14,21,10499,26014
2023-09-19 15:51:03,15,21,10499,26014
2023-09-19 15:51:06,14,21,10499,26014
2023-09-19 15:51:07,14,20,10499,26014
2023-09-19 15:51:09,14,21,10499,26014
2023-09-19 15:51:09,15,21,10499,26014
2023-09-19 15:51:11,15,22,10499,26014
2023-09-19 15:51:11,16,22,10499,26014
2023-09-19 15:51:11,16,23,10499,26014
2023-09-19 15:51:12,16,24,10499,26014
2023-09-19 15:51:12,17,24,10499,26014
2023-09-19 15:51:13,18,24,10499,26014
2023-09-19 15:51:19,17,24,10499,26014
2023-09-19 15:51:20,18,24,10499,26014
2023-09-19 15:51:25,17,24,10499,26014
2023-09-19 15:51:28,17,22,10499,26014
2023-09-19 15:51:28,16,22,10499,26014
2023-09-19 15:51:33,16,23,10499,26014
2023-09-19 15:51:33,16,20,10499,26014
2023-09-19 15:51:33,15,20,10499,26014
2023-09-19 15:51:34,14,20,10499,26014
2023-09-19 15:51:35,14,19,10499,26014
2023-09-19 15:51:35,13,19,10499,26014
2023-09-19 15:51:40,13,17,10499,26014
2023-09-19 15:51:40,10,17,10499,26014
2023-09-19 15:51:43,10,17,10499,26014
2023-09-19 15:51:43,13,17,10499,26014
2023-09-19 15:51:44,13,19,10499,26014
2023-09-19 15:51:47,13,20,10499,26014
2023-09-19 15:51:48,13,19,10499,26014
2023-09-19 15:51:51,13,15,10499,26014
2023-09-19 15:51:51,10,15,10499,26014
2023-09-19 15:51:52,10,14,10499,26014
2023-09-19 15:51:52,8,14,10499,26014
2023-09-19 15:51:52,9,14,10499,26014
2023-09-19 15:51:55,9,12,10499,26014
2023-09-19 15:51:55,6,12,10499,26014
2023-09-19 15:51:55,8,12,10499,26014
2023-09-19 15:51:56,8,10,10499,26014
2023-09-19 15:51:56,4,10,10499,26014
2023-09-19 15:51:56,7,10,10499,26014
2023-09-19 15:51:57,7,9,10499,26014
2023-09-19 15:51:57,6,9,10499,26014
2023-09-19 15:52:01,5,9,10499,26014
2023-09-19 15:52:02,4,9,10499,26014
2023-09-19 15:52:02,6,9,10499,26014
2023-09-19 15:52:03,6,10,10499,26014
2023-09-19 15:52:05,4,10,10499,26014
2023-09-19 15:52:05,7,10,10499,26014
2023-09-19 15:52:13,7,12,10499,26014
2023-09-19 15:52:13,7,11,10499,26014
2023-09-19 15:52:13,8,11,10499,26014
2023-09-19 15:52:13,8,12,10499,26014
2023-09-19 15:52:17,8,11,10499,26014
2023-09-19 15:52:17,7,11,10499,26014
2023-09-19 15:52:20,6,11,10499,26014
2023-09-19 15:52:21,6,9,10499,26014
2023-09-19 15:52:23,4,9,10499,26014
2023-09-19 15:52:23,7,9,10499,26014
2023-09-19 15:52:25,4,9,10499,26014
2023-09-19 15:52:31,6,11,10499,26014
2023-09-19 15:52:31,7,11,10499,26014
2023-09-19 15:52:33,7,12,10499,26014
2023-09-19 15:52:33,8,12,10499,26014
2023-09-19 15:52:43,4,12,10499,26014
2023-09-19 15:52:43,7,12,10499,26014
2023-09-19 15:52:45,7,11,10499,26014
2023-09-19 15:52:46,6,11,10499,26014
2023-09-19 15:52:48,6,9,10499,26014
2023-09-19 15:52:56,5,9,10499,26014
2023-09-19 15:52:57,5,8,10499,26014
2023-09-19 15:52:58,5,9,10499,26014
2023-09-19 15:52:59,5,8,10499,26014
2023-09-19 15:53:00,5,9,10499,26014
2023-09-19 15:53:00,4,9,10499,26014
2023-09-19 15:53:01,6,8,10499,26014
2023-09-19 15:53:01,5,8,10499,26014
2023-09-19 15:53:04,5,9,10499,26014
2023-09-19 15:53:05,5,8,10499,26014
2023-09-19 15:53:06,5,9,10499,26014
2023-09-19 15:53:11,6,9,10499,26014
2023-09-19 15:53:13,7,9,10499,26014
2023-09-19 15:53:14,7,12,10499,26014
2023-09-19 15:53:14,7,11,10499,26014
2023-09-19 15:53:14,7,12,10499,26014
2023-09-19 15:53:16,5,12,10499,26014
2023-09-19 15:53:16,8,12,10499,26014
2023-09-19 15:53:18,8,11,10499,26014
2023-09-19 15:53:18,7,11,10499,26014
2023-09-19 15:53:20,6,11,10499,26014
2023-09-19 15:53:23,6,9,10499,26014
2023-09-19 15:53:26,5,9,10499,26014
2023-09-19 15:53:28,6,9,10499,26014
2023-09-19 15:53:32,7,9,10499,26014
2023-09-19 15:53:33,7,12,10499,26014
2023-09-19 15:53:35,8,12,10499,26014
2023-09-19 15:53:39,4,12,10499,26014
2023-09-19 15:53:39,7,12,10499,26014
2023-09-19 15:53:40,8,12,10499,26014
2023-09-19 15:53:41,8,15,10499,26014
2023-09-19 15:53:41,9,15,10499,26014
2023-09-19 15:53:42,9,14,10499,26014
2023-09-19 15:53:43,9,15,10499,26014
2023-09-19 15:53:43,9,15,10518,26033
2023-09-19 15:53:43,9,14,10518,26033
2023-09-19 15:53:44,9,13,10518,26033
2023-09-19 15:53:46,9,14,10518,26033
2023-09-19 15:53:46,8,14,10518,26033
2023-09-19 15:53:46,8,12,10518,26033
2023-09-19 15:53:47,9,12,10518,26033
2023-09-19 15:53:47,9,15,10518,26033
2023-09-19 15:53:47,9,13,10518,26033
2023-09-19 15:53:50,8,13,10518,26033
2023-09-19 15:53:50,8,12,10518,26033
2023-09-19 15:53:55,8,13,10518,26033
2023-09-19 15:53:56,9,13,10518,26033
2023-09-19 15:53:57,9,13,10518,26034
2023-09-19 15:54:03,8,13,10518,26034
2023-09-19 15:54:03,8,12,10518,26034
2023-09-19 15:54:04,8,13,10518,26034
2023-09-19 15:54:04,7,13,10518,26034
2023-09-19 15:54:04,7,11,10518,26034
2023-09-19 15:54:05,7,13,10518,26034
2023-09-19 15:54:05,7,10,10518,26034
2023-09-19 15:54:09,6,10,10518,26034
2023-09-19 15:54:11,4,10,10518,26034
2023-09-19 15:54:11,7,10,10518,26034
2023-09-19 15:54:16,4,10,10518,26034
2023-09-19 15:54:19,4,10,10518,26034
2023-09-19 15:54:19,7,10,10518,26034
2023-09-19 15:54:20,7,11,10518,26034
2023-09-19 15:54:21,8,11,10518,26034
2023-09-19 15:54:21,8,12,10518,26034
2023-09-19 15:54:24,7,12,10518,26034
2023-09-19 15:54:26,6,12,10518,26034
2023-09-19 15:54:26,8,12,10518,26034
2023-09-19 15:54:30,9,12,10518,26034
2023-09-19 15:54:30,9,14,10518,26034
2023-09-19 15:54:31,10,14,10518,26034
2023-09-19 15:54:31,10,17,10518,26034
2023-09-19 15:54:31,10,16,10518,26034
2023-09-19 15:54:32,11,16,10518,26034
2023-09-19 15:54:33,12,16,10518,26034
2023-09-19 15:54:33,12,20,10518,26034
2023-09-19 15:54:33,12,17,10518,26034
2023-09-19 15:54:35,12,19,10518,26034
2023-09-19 15:54:35,12,18,10518,26034
2023-09-19 15:54:40,12,19,10518,26034
2023-09-19 15:54:40,11,19,10518,26034
2023-09-19 15:54:40,11,17,10518,26034
2023-09-19 15:54:41,11,16,10518,26034
2023-09-19 15:54:41,8,16,10518,26034
2023-09-19 15:54:41,9,16,10518,26034
2023-09-19 15:54:41,9,14,10518,26034
2023-09-19 15:54:42,9,13,10518,26034
2023-09-19 15:54:42,7,13,10518,26034
2023-09-19 15:54:42,7,11,10518,26034
2023-09-19 15:54:43,7,12,10518,26034
2023-09-19 15:54:43,6,12,10518,26034
2023-09-19 15:54:43,6,10,10518,26034
2023-09-19 15:54:50,4,10,10518,26034
2023-09-19 15:54:50,5,10,10518,26034
2023-09-19 15:54:51,4,10,10518,26034
2023-09-19 15:54:51,4,8,10518,26034
2023-09-19 15:54:52,4,9,10518,26034
2023-09-19 15:54:52,4,6,10518,26034
2023-09-19 15:54:54,4,9,10518,26034
2023-09-19 15:54:54,4,8,10518,26034
2023-09-19 15:54:54,4,5,10518,26034
2023-09-19 15:54:59,4,6,10518,26034
2023-09-19 15:54:59,4,6,10518,26053
2023-09-19 15:55:01,4,5,10518,26053
2023-09-19 15:55:01,3,5,10518,26053
2023-09-19 15:55:19,3,6,10518,26053
2023-09-19 15:55:19,3,7,10518,26053
2023-09-19 15:55:26,3,6,10518,26053
2023-09-19 15:55:32,4,6,10518,26053
2023-09-19 15:55:36,3,6,10518,26053
2023-09-19 15:55:36,5,6,10518,26053
2023-09-19 15:55:44,5,6,10518,26057
2023-09-19 15:55:55,5,10,10519,26058
2023-09-19 15:56:01,4,10,10519,26058
2023-09-19 15:56:02,4,8,10519,26058
2023-09-19 15:56:06,3,8,10519,26058
2023-09-19 15:56:09,4,8,10519,26058
2023-09-19 15:56:10,4,10,10519,26058
2023-09-19 15:56:10,4,9,10519,26058
2023-09-19 15:56:10,4,10,10519,26058
2023-09-19 15:56:11,4,8,10519,26058
2023-09-19 15:56:12,4,10,10519,26058
2023-09-19 15:56:16,4,8,10519,26058
2023-09-19 15:56:17,3,8,10519,26058
2023-09-19 15:56:18,4,8,10519,26058
2023-09-19 15:56:21,4,10,10519,26058
2023-09-19 15:56:23,4,9,10519,26058
2023-09-19 15:56:24,4,10,10519,26058
2023-09-19 15:56:25,4,5,10519,26058
2023-09-19 15:56:27,3,5,10519,26058
2023-09-19 15:56:47,3,4,10519,26058
2023-09-19 15:57:09,3,5,10519,26058
2023-09-19 15:57:23,3,4,10519,26058
2023-09-19 15:57:52,3,4,10519,26286
2023-09-19 15:58:32,3,4,10519,26291
2023-09-19 15:58:54,3,4,10519,26411
2023-09-19 15:58:54,3,4,10519,26491
2023-09-19 15:58:55,3,4,10519,26566
2023-09-19 15:58:56,3,4,10519,26641
2023-09-19 15:59:01,3,4,10519,28929
2023-09-19 15:59:25,3,4,8186,31262
2023-09-19 15:59:26,3,4,8186,31267
2023-09-19 15:59:28,1,3,8186,32058
2023-09-19 15:59:32,0,3,8186,33260
2023-09-19 15:59:39,0,4,8186,33260
2023-09-19 15:59:40,0,3,8186,33260
2023-09-19 15:59:43,0,1,8186,33260
