datetime,bid,ask,open_interest,volume
2023-08-29 09:30:52,19,33,35,35
2023-08-29 09:31:00,20,33,35,35
2023-08-29 09:31:00,20,25,35,35
2023-08-29 09:31:00,23,25,35,35
2023-08-29 09:31:02,23,26,35,35
2023-08-29 09:31:02,23,25,35,35
2023-08-29 09:31:06,23,26,35,35
2023-08-29 09:31:07,24,26,35,35
2023-08-29 09:31:26,23,26,35,35
2023-08-29 09:31:28,24,26,35,35
2023-08-29 09:31:37,23,26,35,35
2023-08-29 09:31:40,24,26,35,35
2023-08-29 09:31:52,23,26,35,35
2023-08-29 09:31:54,23,25,35,35
2023-08-29 09:32:07,23,26,35,35
2023-08-29 09:32:08,23,25,35,35
2023-08-29 09:32:24,23,24,35,35
2023-08-29 09:32:28,21,24,35,35
2023-08-29 09:33:26,21,22,35,35
2023-08-29 09:33:33,21,23,35,35
2023-08-29 09:33:35,21,24,35,35
2023-08-29 09:33:35,21,23,35,35
2023-08-29 09:33:36,21,24,35,35
2023-08-29 09:33:46,21,22,35,35
2023-08-29 09:34:01,21,22,195,195
2023-08-29 09:34:03,20,22,235,235
2023-08-29 09:34:27,20,21,235,235
2023-08-29 09:34:31,19,21,235,235
2023-08-29 09:34:39,19,20,235,235
2023-08-29 09:34:42,18,20,235,235
2023-08-29 09:35:10,18,19,235,235
2023-08-29 09:35:31,18,20,235,235
2023-08-29 09:35:43,18,19,235,235
2023-08-29 09:35:48,18,20,235,235
2023-08-29 09:35:49,18,19,235,235
2023-08-29 09:35:50,18,20,235,235
2023-08-29 09:36:54,18,21,235,235
2023-08-29 09:37:35,18,21,235,335
2023-08-29 09:37:48,19,21,235,335
2023-08-29 09:38:07,19,22,235,335
2023-08-29 09:38:11,20,22,235,335
2023-08-29 09:38:25,20,23,235,335
2023-08-29 09:38:26,21,23,235,335
2023-08-29 09:38:34,20,23,235,335
2023-08-29 09:39:53,20,22,235,335
2023-08-29 09:39:54,20,23,235,335
2023-08-29 09:40:00,21,23,235,335
2023-08-29 09:41:10,20,23,235,335
2023-08-29 09:41:10,20,22,235,335
2023-08-29 09:41:23,19,22,235,335
2023-08-29 09:41:29,19,21,235,335
2023-08-29 09:41:40,18,21,235,335
2023-08-29 09:41:44,19,21,235,335
2023-08-29 09:41:45,19,22,235,335
2023-08-29 09:42:08,19,21,235,335
2023-08-29 09:42:16,18,21,235,335
2023-08-29 09:42:20,19,21,235,335
2023-08-29 09:42:22,18,21,235,335
2023-08-29 09:42:27,18,20,235,335
2023-08-29 09:42:37,18,20,400,500
2023-08-29 09:42:38,18,19,400,500
2023-08-29 09:42:39,17,19,400,500
2023-08-29 09:42:50,17,18,400,500
2023-08-29 09:42:51,16,18,400,500
2023-08-29 09:43:04,16,17,400,500
2023-08-29 09:43:11,16,17,550,650
2023-08-29 09:43:14,15,17,550,650
2023-08-29 09:44:18,15,18,550,650
2023-08-29 09:44:35,15,17,550,650
2023-08-29 09:45:07,15,16,550,650
2023-08-29 09:45:19,14,16,550,650
2023-08-29 09:45:26,14,15,550,650
2023-08-29 09:45:27,13,15,550,650
2023-08-29 09:45:56,13,14,550,650
2023-08-29 09:45:56,12,14,550,650
2023-08-29 09:46:01,12,13,550,650
2023-08-29 09:46:12,12,14,550,650
2023-08-29 09:46:12,12,13,550,650
2023-08-29 09:46:16,12,14,550,650
2023-08-29 09:46:19,12,13,550,650
2023-08-29 09:46:21,12,14,550,650
2023-08-29 09:46:22,12,13,550,650
2023-08-29 09:46:23,12,14,550,650
2023-08-29 09:46:24,12,13,550,650
2023-08-29 09:46:25,12,14,550,650
2023-08-29 09:46:29,12,13,550,650
2023-08-29 09:46:56,11,12,550,655
2023-08-29 09:46:56,10,12,550,655
2023-08-29 09:49:05,10,11,550,655
2023-08-29 09:50:37,10,12,550,655
2023-08-29 09:51:07,10,13,550,655
2023-08-29 09:51:31,10,12,550,655
2023-08-29 09:52:52,9,12,550,655
2023-08-29 09:53:11,9,11,550,655
2023-08-29 09:53:11,9,10,550,655
2023-08-29 09:53:19,8,10,550,655
2023-08-29 09:53:36,9,10,550,655
2023-08-29 09:54:00,9,11,550,655
2023-08-29 09:54:03,9,12,550,655
2023-08-29 09:54:06,9,11,550,655
2023-08-29 09:54:35,9,12,550,655
2023-08-29 09:55:03,9,11,550,655
2023-08-29 09:55:04,9,12,550,655
2023-08-29 09:55:12,9,11,550,655
2023-08-29 09:55:13,10,11,550,655
2023-08-29 09:55:21,10,12,550,655
2023-08-29 09:56:37,10,13,550,855
2023-08-29 09:56:45,11,13,550,855
2023-08-29 09:56:58,11,14,550,855
2023-08-29 09:56:59,12,14,550,855
2023-08-29 09:58:00,11,13,550,855
2023-08-29 09:58:42,11,12,550,855
2023-08-29 09:59:50,11,13,550,855
2023-08-29 10:00:00,11,12,550,855
2023-08-29 10:00:01,10,11,640,1155
2023-08-29 10:00:02,10,12,740,1255
2023-08-29 10:00:03,10,12,840,1355
2023-08-29 10:00:06,10,11,840,1355
2023-08-29 10:00:07,10,11,1040,1555
2023-08-29 10:00:11,9,10,1090,1605
2023-08-29 10:00:17,9,10,1236,1751
2023-08-29 10:00:18,9,11,1236,1751
2023-08-29 10:00:27,9,10,1236,1751
2023-08-29 10:00:34,8,9,1340,1855
2023-08-29 10:00:35,8,10,1340,1855
2023-08-29 10:00:37,7,10,1340,1855
2023-08-29 10:00:37,7,9,1340,1855
2023-08-29 10:00:53,7,8,1340,1855
2023-08-29 10:00:55,6,8,1340,1855
2023-08-29 10:01:01,6,7,1340,1855
2023-08-29 10:01:08,6,8,1340,1855
2023-08-29 10:01:15,6,8,1430,1945
2023-08-29 10:01:21,6,7,1430,1945
2023-08-29 10:01:25,6,7,1490,2005
2023-08-29 10:01:38,6,7,1550,2065
2023-08-29 10:01:39,5,7,1590,2105
2023-08-29 10:01:48,5,7,1590,2155
2023-08-29 10:02:19,5,7,1590,2255
2023-08-29 10:02:20,5,7,1590,2375
2023-08-29 10:02:20,5,7,1590,2475
2023-08-29 10:02:21,5,6,1590,2475
2023-08-29 10:02:22,4,6,1590,2475
2023-08-29 10:02:38,4,7,1590,2475
2023-08-29 10:02:47,4,6,1590,2475
2023-08-29 10:04:24,4,5,1590,2475
2023-08-29 10:05:00,4,5,1790,2675
2023-08-29 10:05:01,3,5,1840,2725
2023-08-29 10:05:47,3,4,1840,2725
2023-08-29 10:07:27,3,5,1840,2725
2023-08-29 10:07:30,3,4,1840,2725
2023-08-29 10:08:24,3,5,1840,2725
2023-08-29 10:08:33,3,4,1840,2725
2023-08-29 10:08:42,3,5,1840,2725
2023-08-29 10:08:58,3,4,1840,2725
2023-08-29 10:09:56,3,5,1840,2725
2023-08-29 10:13:51,3,4,1840,2725
2023-08-29 10:13:56,3,4,1910,2795
2023-08-29 10:14:08,3,5,1910,2795
2023-08-29 10:14:13,3,4,1910,2795
2023-08-29 10:14:28,3,4,1990,2875
2023-08-29 10:14:40,3,4,2030,2915
2023-08-29 10:14:43,3,4,2090,2975
2023-08-29 10:14:47,3,4,2150,3035
2023-08-29 10:15:12,3,4,2190,3075
2023-08-29 10:15:13,3,4,2250,3135
2023-08-29 10:15:29,3,4,2310,3195
2023-08-29 10:15:30,2,3,2340,3225
2023-08-29 10:17:28,1,3,2340,3225
2023-08-29 10:17:38,0,3,2340,3225
2023-08-29 10:18:40,1,3,2340,3225
2023-08-29 10:18:44,0,3,2340,3225
2023-08-29 10:18:48,1,3,2340,3225
2023-08-29 10:18:51,0,3,2340,3225
2023-08-29 10:18:55,1,3,2340,3225
2023-08-29 10:19:02,0,3,2340,3225
2023-08-29 10:19:04,1,3,2340,3225
2023-08-29 10:19:59,0,3,2340,3225
2023-08-29 10:20:05,1,3,2340,3225
2023-08-29 10:20:07,0,3,2340,3225
2023-08-29 10:22:52,0,2,2340,3225
2023-08-29 12:18:05,0,1,2340,3225
