datetime,bid,ask,open_interest,volume
2023-08-29 09:32:01,1,2,9,9
2023-08-29 09:32:06,0,2,9,9
2023-08-29 09:32:21,1,2,9,9
2023-08-29 09:34:27,2,3,109,109
2023-08-29 09:34:28,1,3,109,109
2023-08-29 09:34:31,2,3,109,109
2023-08-29 09:36:40,1,3,109,109
2023-08-29 09:36:42,2,3,109,109
2023-08-29 09:36:47,1,3,109,109
2023-08-29 09:40:04,0,3,109,109
2023-08-29 09:40:05,1,3,109,109
2023-08-29 09:40:07,0,3,109,109
2023-08-29 09:40:08,1,3,109,109
2023-08-29 09:40:10,0,3,109,109
2023-08-29 09:40:13,1,3,109,109
2023-08-29 09:40:23,0,3,109,109
2023-08-29 09:40:26,1,3,109,109
2023-08-29 09:42:39,2,3,109,109
2023-08-29 09:42:50,2,4,2159,2159
2023-08-29 09:45:44,2,5,2257,2257
2023-08-29 09:46:03,3,5,2257,2257
2023-08-29 09:46:12,2,5,2257,2257
2023-08-29 09:46:41,2,5,2257,2309
2023-08-29 09:46:56,4,5,2257,2309
2023-08-29 09:52:20,4,5,2459,2559
2023-08-29 09:59:25,4,5,2459,2695
2023-08-29 09:59:25,3,4,2459,2759
2023-08-29 09:59:30,3,5,2531,2831
2023-08-29 10:00:06,4,5,2531,2831
2023-08-29 10:00:11,4,5,2929,3231
2023-08-29 10:00:15,4,5,3179,3481
2023-08-29 10:00:16,4,5,3379,3681
2023-08-29 10:00:16,4,5,3629,3931
2023-08-29 10:00:17,4,5,3879,4181
2023-08-29 10:00:19,4,5,4079,4381
2023-08-29 10:00:34,4,5,4279,4581
2023-08-29 10:00:35,4,5,4479,4781
2023-08-29 10:00:35,4,6,4529,4831
2023-08-29 10:00:36,5,6,4529,4831
2023-08-29 10:00:38,5,7,4529,4831
2023-08-29 10:00:51,5,7,4599,5081
2023-08-29 10:00:53,6,7,4599,5081
2023-08-29 10:00:55,6,8,4599,5081
2023-08-29 10:01:12,7,8,4599,5081
2023-08-29 10:01:13,6,8,4599,5081
2023-08-29 10:01:20,7,8,4599,5081
2023-08-29 10:01:23,7,9,4599,5081
2023-08-29 10:01:33,8,9,4599,5081
2023-08-29 10:01:33,8,10,4599,5181
2023-08-29 10:01:35,9,10,4599,5181
2023-08-29 10:01:36,8,10,4599,5181
2023-08-29 10:01:39,7,10,4599,5181
2023-08-29 10:01:39,7,9,4599,5181
2023-08-29 10:01:48,8,9,4599,5181
2023-08-29 10:01:52,8,10,4599,5181
2023-08-29 10:01:55,7,10,4599,5181
2023-08-29 10:01:55,7,9,4599,5181
2023-08-29 10:01:59,6,9,4599,5181
2023-08-29 10:02:02,7,9,4599,5181
2023-08-29 10:02:04,6,9,4599,5181
2023-08-29 10:02:11,7,9,4599,5181
2023-08-29 10:02:17,7,10,4599,5181
2023-08-29 10:02:18,8,10,4599,5181
2023-08-29 10:02:19,7,10,4599,5181
2023-08-29 10:02:20,7,10,4599,5381
2023-08-29 10:02:21,9,10,4599,5381
2023-08-29 10:02:24,8,10,4599,5381
2023-08-29 10:02:25,9,10,4599,5381
2023-08-29 10:02:29,8,10,4599,5381
2023-08-29 10:02:38,7,10,4599,5381
2023-08-29 10:02:42,8,10,4599,5381
2023-08-29 10:03:06,7,10,4599,5381
2023-08-29 10:03:14,8,10,4599,5381
2023-08-29 10:03:35,9,10,4599,5381
2023-08-29 10:03:46,9,10,4599,5581
2023-08-29 10:03:48,9,11,4681,5781
2023-08-29 10:04:23,10,11,4681,5781
2023-08-29 10:04:28,10,12,4681,5781
2023-08-29 10:04:46,11,12,4681,5781
2023-08-29 10:05:01,11,13,4728,5828
2023-08-29 10:05:03,12,13,4728,5828
2023-08-29 10:05:06,11,13,4728,5828
2023-08-29 10:05:11,12,13,4728,5828
2023-08-29 10:05:15,11,13,4728,5828
2023-08-29 10:05:20,12,13,4728,5828
2023-08-29 10:05:26,11,13,4728,5828
2023-08-29 10:05:29,12,13,4728,5828
2023-08-29 10:05:30,11,13,4728,5828
2023-08-29 10:05:32,12,13,4728,5828
2023-08-29 10:05:35,11,13,4728,5828
2023-08-29 10:05:44,12,13,4728,5828
2023-08-29 10:05:56,12,14,4728,5828
2023-08-29 10:05:58,13,14,4728,5828
2023-08-29 10:06:08,13,15,4728,5828
2023-08-29 10:06:09,14,15,4728,5828
2023-08-29 10:06:15,14,15,4928,6028
2023-08-29 10:06:27,13,15,4928,6028
2023-08-29 10:06:33,12,15,4928,6028
2023-08-29 10:06:37,12,14,4928,6028
2023-08-29 10:07:42,12,15,4928,6028
2023-08-29 10:08:04,13,15,4928,6028
2023-08-29 10:08:05,12,15,4928,6028
2023-08-29 10:08:08,13,15,4928,6028
2023-08-29 10:08:13,12,15,4928,6028
2023-08-29 10:08:13,12,14,4928,6028
2023-08-29 10:09:01,13,14,4928,6028
2023-08-29 10:09:05,12,14,4928,6028
2023-08-29 10:09:11,12,15,4928,6028
2023-08-29 10:09:11,13,15,4928,6028
2023-08-29 10:09:23,12,15,4928,6028
2023-08-29 10:09:24,13,15,4928,6028
2023-08-29 10:09:43,12,15,4928,6028
2023-08-29 10:09:52,12,14,4928,6028
2023-08-29 10:10:04,12,15,4928,6028
2023-08-29 10:10:05,12,14,4928,6028
2023-08-29 10:10:21,11,14,4928,6028
2023-08-29 10:10:31,11,13,4928,6028
2023-08-29 10:11:04,11,14,4928,6028
2023-08-29 10:11:05,12,14,4928,6028
2023-08-29 10:11:06,11,14,4928,6028
2023-08-29 10:11:07,12,14,4928,6028
2023-08-29 10:11:10,11,14,4928,6028
2023-08-29 10:13:51,11,15,4928,6028
2023-08-29 10:13:51,12,15,4928,6028
2023-08-29 10:13:52,12,14,4928,6028
2023-08-29 10:13:56,12,15,4928,6028
2023-08-29 10:14:03,12,14,4928,6028
2023-08-29 10:14:06,11,14,4928,6028
2023-08-29 10:14:13,12,14,4928,6028
2023-08-29 10:14:14,11,14,4928,6028
2023-08-29 10:14:16,12,14,4928,6028
2023-08-29 10:14:22,11,14,4928,6028
2023-08-29 10:14:24,12,14,4928,6028
2023-08-29 10:14:27,12,15,4928,6028
2023-08-29 10:14:30,12,14,4928,6028
2023-08-29 10:14:32,13,14,4928,6028
2023-08-29 10:14:32,13,15,4928,6028
2023-08-29 10:14:33,13,16,4928,6028
2023-08-29 10:14:36,14,16,4928,6028
2023-08-29 10:14:40,15,16,4928,6028
2023-08-29 10:14:40,15,16,4928,6068
2023-08-29 10:14:44,14,16,4928,6068
2023-08-29 10:15:13,15,16,4928,6068
2023-08-29 10:15:13,15,17,4928,6068
2023-08-29 10:15:30,16,17,4928,6068
2023-08-29 10:15:50,16,18,4928,6068
2023-08-29 10:15:51,16,19,4928,6068
2023-08-29 10:15:58,17,19,4928,6068
2023-08-29 10:16:05,17,19,4968,6108
2023-08-29 10:16:08,18,19,4968,6108
2023-08-29 10:16:08,18,20,4968,6108
2023-08-29 10:16:15,17,20,4968,6108
2023-08-29 10:16:15,17,19,4968,6108
2023-08-29 10:16:16,17,20,4968,6108
2023-08-29 10:16:17,17,19,4968,6108
2023-08-29 10:16:24,16,19,4968,6108
2023-08-29 10:16:31,17,19,4968,6108
2023-08-29 10:16:35,16,19,4968,6108
2023-08-29 10:16:36,17,19,4968,6108
2023-08-29 10:16:39,17,20,4968,6108
2023-08-29 10:17:07,17,19,4968,6108
2023-08-29 10:17:11,16,19,4968,6108
2023-08-29 10:17:17,17,19,4968,6108
2023-08-29 10:17:17,17,19,4968,6138
2023-08-29 10:17:18,17,20,4968,6138
2023-08-29 10:17:22,17,19,4968,6138
2023-08-29 10:17:23,17,20,4968,6138
2023-08-29 10:17:27,17,19,4968,6138
2023-08-29 10:17:28,17,20,4968,6138
2023-08-29 10:17:28,18,20,4968,6138
2023-08-29 10:17:34,19,20,4968,6138
2023-08-29 10:17:39,19,21,4968,6138
2023-08-29 10:17:46,19,21,4977,6147
2023-08-29 10:17:49,18,21,4977,6147
2023-08-29 10:18:41,18,20,4977,6147
2023-08-29 10:18:42,18,21,4977,6147
2023-08-29 10:18:48,18,20,4977,6147
2023-08-29 10:18:51,18,21,4977,6147
2023-08-29 10:18:55,18,20,4977,6147
2023-08-29 10:19:02,18,21,4977,6147
2023-08-29 10:19:04,18,20,4977,6147
2023-08-29 10:19:21,17,20,4977,6147
2023-08-29 10:19:57,18,20,4977,6147
2023-08-29 10:19:59,18,21,4977,6147
2023-08-29 10:20:04,18,20,4977,6147
2023-08-29 10:20:05,17,20,4977,6147
2023-08-29 10:20:07,18,20,4977,6147
2023-08-29 10:20:09,18,21,4977,6147
2023-08-29 10:20:24,18,20,4977,6147
2023-08-29 10:20:29,18,21,4977,6147
2023-08-29 10:21:10,19,21,4977,6147
2023-08-29 10:21:15,18,21,4977,6147
2023-08-29 10:21:16,19,21,4977,6147
2023-08-29 10:21:37,20,21,4977,6147
2023-08-29 10:21:39,20,22,4977,6147
2023-08-29 10:22:05,21,22,4977,6147
2023-08-29 10:22:33,21,23,4977,6147
2023-08-29 10:22:50,21,24,5177,6347
2023-08-29 10:22:51,22,24,5177,6347
2023-08-29 10:22:53,23,24,5177,6347
2023-08-29 10:22:54,22,24,5177,6463
2023-08-29 10:22:55,23,24,5177,6463
2023-08-29 10:22:56,22,24,5177,6599
2023-08-29 10:22:57,23,24,5177,6599
2023-08-29 10:22:58,22,24,5177,6698
2023-08-29 10:23:10,21,24,5177,6698
2023-08-29 10:23:10,22,24,5177,6698
2023-08-29 10:23:13,21,24,5177,6698
2023-08-29 10:23:23,21,23,5177,6698
2023-08-29 10:24:24,21,24,5177,6698
2023-08-29 10:24:32,22,24,5177,6698
2023-08-29 10:24:53,21,24,5177,6698
2023-08-29 10:24:54,22,24,5177,6698
2023-08-29 10:25:03,21,24,5177,6698
2023-08-29 10:25:21,21,23,5177,6698
2023-08-29 10:25:25,21,24,5177,6698
2023-08-29 10:25:38,21,23,5177,6698
2023-08-29 10:25:41,21,23,5177,6738
2023-08-29 10:25:42,20,23,5177,6738
2023-08-29 10:25:58,21,23,5177,6738
2023-08-29 10:26:00,21,24,5177,6738
2023-08-29 10:26:28,21,23,5177,6738
2023-08-29 10:26:35,20,23,5177,6738
2023-08-29 10:26:39,21,23,5177,6738
2023-08-29 10:26:41,20,23,5177,6738
2023-08-29 10:26:43,21,23,5177,6738
2023-08-29 10:26:45,21,24,5177,6738
2023-08-29 10:27:37,22,24,5177,6738
2023-08-29 10:28:03,22,25,5177,6738
2023-08-29 10:28:03,23,25,5177,6738
2023-08-29 10:28:59,24,25,5177,6738
2023-08-29 10:29:00,24,26,5177,6738
2023-08-29 10:29:31,24,27,5177,6738
2023-08-29 10:29:56,24,26,5177,6738
2023-08-29 10:30:02,24,27,5177,6738
2023-08-29 10:30:12,25,27,5177,6738
2023-08-29 10:30:13,25,28,5177,6738
2023-08-29 10:30:13,26,28,5177,6738
2023-08-29 10:30:25,27,28,5177,6738
2023-08-29 10:30:33,26,28,5177,6738
2023-08-29 10:30:43,27,28,5177,6738
2023-08-29 10:30:46,27,29,5177,6738
2023-08-29 10:30:51,28,29,5177,6738
2023-08-29 10:31:01,28,30,5177,6738
2023-08-29 10:31:12,29,30,5177,6738
2023-08-29 10:31:13,28,30,4977,6938
2023-08-29 10:31:49,29,30,4977,6938
2023-08-29 10:31:59,28,30,4977,6938
2023-08-29 10:32:20,28,31,4977,6938
2023-08-29 10:32:20,29,31,4977,6938
2023-08-29 10:32:28,28,31,4977,6938
2023-08-29 10:34:12,29,31,4977,6938
2023-08-29 10:34:32,30,31,4977,6938
2023-08-29 10:34:33,30,32,4977,6938
2023-08-29 10:34:38,31,32,4977,6938
2023-08-29 10:34:40,30,32,4977,6938
2023-08-29 10:34:59,31,32,4977,6938
2023-08-29 10:35:03,31,33,4977,6947
2023-08-29 10:35:48,32,33,4977,6947
2023-08-29 10:36:02,32,34,4977,6947
2023-08-29 10:36:44,33,34,4977,6947
2023-08-29 10:36:48,33,35,4977,6947
2023-08-29 10:37:10,32,35,4977,6947
2023-08-29 10:37:17,32,34,4977,6947
2023-08-29 10:37:26,31,34,4977,6947
2023-08-29 10:37:34,30,34,4977,6947
2023-08-29 10:37:34,30,32,4977,6947
2023-08-29 10:37:34,30,31,4977,6947
2023-08-29 10:37:34,29,31,4977,6947
2023-08-29 10:37:39,28,31,4977,6947
2023-08-29 10:37:51,28,30,4977,6947
2023-08-29 10:38:03,27,30,4977,6947
2023-08-29 10:38:07,27,28,4977,6947
2023-08-29 10:38:34,28,30,4977,6951
2023-08-29 10:38:46,28,31,4977,6951
2023-08-29 10:39:02,28,30,4977,6951
2023-08-29 10:39:06,27,30,4977,6951
2023-08-29 10:39:13,28,30,4977,6951
2023-08-29 10:39:17,27,30,4977,6951
2023-08-29 10:39:32,27,29,4977,6951
2023-08-29 10:40:05,27,30,4977,6951
2023-08-29 10:40:11,28,30,4977,6951
2023-08-29 10:40:14,27,30,4977,6951
2023-08-29 10:40:15,28,30,4977,6951
2023-08-29 10:40:22,27,30,4977,6951
2023-08-29 10:40:33,27,28,4977,6951
2023-08-29 10:40:33,26,28,4977,6951
2023-08-29 10:40:34,26,27,4977,6951
2023-08-29 10:40:35,25,27,4977,6951
2023-08-29 10:40:36,25,28,5177,7151
2023-08-29 10:40:38,26,28,5177,7151
2023-08-29 10:40:41,25,28,5177,7151
2023-08-29 10:40:43,26,28,5177,7151
2023-08-29 10:40:56,26,29,5177,7151
2023-08-29 10:40:56,27,29,5177,7151
2023-08-29 10:40:58,27,30,5177,7151
2023-08-29 10:40:59,26,30,5177,7151
2023-08-29 10:40:59,26,29,5177,7151
2023-08-29 10:41:03,27,29,5177,7151
2023-08-29 10:41:04,27,30,5177,7151
2023-08-29 10:41:08,28,30,5177,7151
2023-08-29 10:41:09,27,30,5177,7151
2023-08-29 10:41:23,27,29,5177,7151
2023-08-29 10:41:24,26,29,5177,7151
2023-08-29 10:41:32,27,29,5177,7151
2023-08-29 10:41:35,27,30,5177,7151
2023-08-29 10:41:54,26,30,5177,7151
2023-08-29 10:41:54,26,29,5177,7151
2023-08-29 10:42:02,27,29,5177,7151
2023-08-29 10:42:03,26,29,5177,7151
2023-08-29 10:42:08,27,29,5177,7151
2023-08-29 10:42:10,27,30,5177,7151
2023-08-29 10:42:23,26,30,5177,7151
2023-08-29 10:42:23,26,29,5177,7151
2023-08-29 10:42:25,27,29,5177,7151
2023-08-29 10:42:26,26,29,5177,7151
2023-08-29 10:42:46,27,29,5177,7151
2023-08-29 10:43:02,27,30,5177,7151
2023-08-29 10:43:17,28,30,5177,7151
2023-08-29 10:43:20,28,31,5177,7151
2023-08-29 10:43:35,28,30,5177,7151
2023-08-29 10:43:43,27,30,5177,7151
2023-08-29 10:43:50,28,30,5177,7151
2023-08-29 10:44:36,28,31,5177,7151
2023-08-29 10:44:59,28,30,5177,7151
2023-08-29 10:45:01,28,31,5177,7151
2023-08-29 10:45:03,28,30,5177,7151
2023-08-29 10:45:04,27,30,5177,7151
2023-08-29 10:45:09,28,30,5177,7151
2023-08-29 10:45:11,27,30,5177,7151
2023-08-29 10:45:17,26,30,5177,7151
2023-08-29 10:45:17,26,29,5177,7151
2023-08-29 10:45:19,27,29,5177,7151
2023-08-29 10:45:28,26,29,5177,7151
2023-08-29 10:45:37,25,29,4977,7351
2023-08-29 10:45:38,25,28,4977,7351
2023-08-29 10:45:40,25,29,4977,7351
2023-08-29 10:45:40,26,29,4977,7351
2023-08-29 10:45:48,26,28,4977,7351
2023-08-29 10:45:48,25,28,4977,7351
2023-08-29 10:46:00,25,28,4927,7401
2023-08-29 10:46:23,25,27,4927,7401
2023-08-29 10:46:26,25,27,4800,7551
2023-08-29 10:46:41,25,28,4800,7551
2023-08-29 10:46:54,25,29,4800,7551
2023-08-29 10:46:54,26,29,4800,7551
2023-08-29 10:46:58,26,28,4800,7551
2023-08-29 10:46:59,25,28,4800,7551
2023-08-29 10:47:01,26,28,4800,7551
2023-08-29 10:47:16,25,28,4800,7551
2023-08-29 10:48:00,25,27,4800,7551
2023-08-29 10:49:10,25,28,4800,7551
2023-08-29 10:49:14,26,28,4800,7551
2023-08-29 10:49:15,26,29,4800,7551
2023-08-29 10:49:28,27,29,4800,7551
2023-08-29 10:49:29,27,30,4800,7551
2023-08-29 10:49:43,27,31,4800,7551
2023-08-29 10:49:43,28,31,4800,7551
2023-08-29 10:50:32,29,31,4800,7551
2023-08-29 10:50:33,29,32,4800,7551
2023-08-29 10:51:05,30,32,4800,7551
2023-08-29 10:51:06,30,33,4800,7551
2023-08-29 10:51:09,31,33,4800,7551
2023-08-29 10:51:10,32,33,4800,7551
2023-08-29 10:51:16,32,34,4800,7551
2023-08-29 10:51:23,31,34,4800,7551
2023-08-29 10:51:47,32,34,4800,7551
2023-08-29 10:52:46,31,34,4800,7551
2023-08-29 10:53:01,32,34,4800,7551
2023-08-29 10:53:12,31,34,4800,7551
2023-08-29 10:53:15,31,33,4800,7551
2023-08-29 10:53:16,30,33,4800,7551
2023-08-29 10:53:53,30,32,4800,7551
2023-08-29 10:53:57,29,32,4800,7551
2023-08-29 10:54:09,28,32,4800,7551
2023-08-29 10:54:10,29,32,4800,7551
2023-08-29 10:54:22,28,32,4800,7551
2023-08-29 10:54:23,28,31,4800,7551
2023-08-29 10:54:37,28,32,4800,7551
2023-08-29 10:54:41,28,31,4800,7551
2023-08-29 10:54:53,28,30,4800,7551
2023-08-29 10:54:53,27,30,4800,7551
2023-08-29 10:55:03,27,29,4800,7551
2023-08-29 10:55:10,26,29,4800,7551
2023-08-29 10:55:10,26,28,4800,7551
2023-08-29 10:55:25,25,28,4800,7551
2023-08-29 10:55:25,25,27,4800,7551
2023-08-29 10:55:30,25,28,4800,7551
2023-08-29 10:55:33,25,27,4800,7551
2023-08-29 10:55:36,25,28,4800,7551
2023-08-29 10:55:42,25,27,4800,7551
2023-08-29 10:55:46,25,28,4800,7551
2023-08-29 10:55:49,25,27,4800,7551
2023-08-29 10:55:53,25,28,4800,7551
2023-08-29 10:55:59,25,27,4800,7551
2023-08-29 10:56:06,25,26,4800,7551
2023-08-29 10:56:07,25,27,4800,7551
2023-08-29 10:56:28,25,28,4800,7551
2023-08-29 10:56:30,26,28,4800,7551
2023-08-29 10:57:01,25,28,4800,7551
2023-08-29 10:57:06,26,28,4800,7551
2023-08-29 10:57:21,25,28,4800,7551
2023-08-29 10:57:36,26,28,4800,7551
2023-08-29 10:57:44,25,28,4800,7551
2023-08-29 10:57:46,26,28,4800,7551
2023-08-29 10:57:49,25,28,4800,7551
2023-08-29 10:57:53,26,28,4800,7551
2023-08-29 10:57:55,26,29,4800,7551
2023-08-29 10:58:06,25,29,4800,7551
2023-08-29 10:58:11,25,28,4800,7551
2023-08-29 10:58:31,25,29,4800,7551
2023-08-29 10:58:41,25,28,4800,7551
2023-08-29 10:59:16,25,29,4800,7551
2023-08-29 10:59:19,26,29,4800,7551
2023-08-29 11:00:18,26,30,4800,7551
2023-08-29 11:00:20,27,30,4800,7551
2023-08-29 11:01:05,28,30,4800,7551
2023-08-29 11:01:08,28,31,4800,7551
2023-08-29 11:01:09,29,31,4800,7551
2023-08-29 11:01:10,29,32,4800,7551
2023-08-29 11:01:21,29,31,4800,7551
2023-08-29 11:01:25,28,31,4800,7551
2023-08-29 11:01:26,28,30,4800,7551
2023-08-29 11:01:26,27,30,4800,7551
2023-08-29 11:01:36,28,30,4800,7551
2023-08-29 11:01:37,28,31,4800,7551
2023-08-29 11:02:02,29,31,4800,7551
2023-08-29 11:02:06,28,31,4800,7551
2023-08-29 11:02:07,29,31,4800,7551
2023-08-29 11:02:08,29,32,4800,7551
2023-08-29 11:02:21,29,31,4800,7551
2023-08-29 11:02:28,29,32,4800,7551
2023-08-29 11:03:30,29,31,4800,7551
2023-08-29 11:03:32,28,31,4800,7551
2023-08-29 11:03:34,29,31,4800,7551
2023-08-29 11:03:36,28,31,4800,7551
2023-08-29 11:03:39,29,31,4800,7551
2023-08-29 11:03:45,29,32,4800,7551
2023-08-29 11:04:35,29,31,4800,7551
2023-08-29 11:04:38,28,31,4800,7551
2023-08-29 11:05:07,27,31,4800,7551
2023-08-29 11:05:07,27,30,4800,7551
2023-08-29 11:05:17,27,29,4800,7551
2023-08-29 11:05:17,26,29,4800,7551
2023-08-29 11:05:21,27,29,4800,7551
2023-08-29 11:05:22,27,30,4800,7551
2023-08-29 11:05:24,26,30,4800,7551
2023-08-29 11:05:26,26,29,4800,7551
2023-08-29 11:05:27,27,29,4800,7551
2023-08-29 11:05:27,27,30,4800,7551
2023-08-29 11:05:32,28,30,4800,7551
2023-08-29 11:05:33,28,31,4800,7551
2023-08-29 11:05:56,29,31,4800,7551
2023-08-29 11:05:58,28,31,4800,7551
2023-08-29 11:06:00,29,31,4800,7551
2023-08-29 11:06:01,29,32,4800,7551
2023-08-29 11:06:13,30,32,4800,7551
2023-08-29 11:06:29,30,33,4800,7551
2023-08-29 11:06:30,31,33,4800,7551
2023-08-29 11:06:38,32,33,4800,7551
2023-08-29 11:07:12,31,34,4800,7551
2023-08-29 11:07:36,31,33,4800,7551
2023-08-29 11:08:08,30,33,4800,7551
2023-08-29 11:09:01,31,33,4800,7551
2023-08-29 11:09:14,30,33,4800,7551
2023-08-29 11:10:15,31,33,4800,7551
2023-08-29 11:10:15,31,34,4800,7551
2023-08-29 11:10:35,32,34,4800,7551
2023-08-29 11:10:39,31,34,4800,7551
2023-08-29 11:10:42,32,34,4800,7551
2023-08-29 11:11:09,31,34,4800,7551
2023-08-29 11:11:35,32,34,4800,7551
2023-08-29 11:11:52,33,34,4800,7551
2023-08-29 11:11:54,33,35,4800,7551
2023-08-29 11:12:17,34,35,4800,7551
2023-08-29 11:12:17,34,36,4800,7551
2023-08-29 11:12:31,35,36,4800,7551
2023-08-29 11:12:33,35,37,4800,7551
2023-08-29 11:13:25,35,38,4800,7551
2023-08-29 11:13:26,36,38,4800,7551
2023-08-29 11:13:28,35,38,4800,7551
2023-08-29 11:13:34,36,38,4800,7551
2023-08-29 11:13:48,35,38,4800,7551
2023-08-29 11:13:49,36,38,4800,7551
2023-08-29 11:14:09,37,38,4800,7551
2023-08-29 11:14:10,37,39,4800,7551
2023-08-29 11:14:26,36,39,4800,7551
2023-08-29 11:15:13,35,39,4800,7551
2023-08-29 11:15:14,35,38,4800,7551
2023-08-29 11:15:24,35,37,4800,7551
2023-08-29 11:15:27,35,38,4800,7551
2023-08-29 11:16:01,36,38,4800,7551
2023-08-29 11:16:02,35,38,4800,7551
2023-08-29 11:16:06,36,38,4800,7551
2023-08-29 11:16:16,36,39,4800,7551
2023-08-29 11:16:31,35,39,4800,7551
2023-08-29 11:16:33,35,38,4800,7551
2023-08-29 11:16:36,36,38,4800,7551
2023-08-29 11:16:36,36,39,4800,7551
2023-08-29 11:16:53,37,39,4800,7551
2023-08-29 11:16:58,36,39,4800,7551
2023-08-29 11:17:00,37,39,4800,7551
2023-08-29 11:17:27,36,39,4800,7551
2023-08-29 11:17:34,37,39,4800,7551
2023-08-29 11:17:36,36,39,4800,7551
2023-08-29 11:17:41,37,39,4800,7551
2023-08-29 11:18:10,36,39,4800,7551
2023-08-29 11:18:11,37,39,4800,7551
2023-08-29 11:19:00,37,40,4800,7551
2023-08-29 11:19:00,38,40,4800,7551
2023-08-29 11:19:31,39,40,4800,7551
2023-08-29 11:19:33,38,40,4800,7551
2023-08-29 11:19:34,39,40,4800,7551
2023-08-29 11:19:38,38,40,4800,7551
2023-08-29 11:19:39,39,40,4800,7551
2023-08-29 11:19:46,39,41,4800,7551
2023-08-29 11:20:10,38,41,4800,7551
2023-08-29 11:20:20,39,41,4800,7551
2023-08-29 11:20:33,38,41,4800,7551
2023-08-29 11:20:45,38,40,4800,7551
2023-08-29 11:20:47,38,41,4800,7551
2023-08-29 11:20:47,38,40,4800,7551
2023-08-29 11:20:58,37,40,4800,7551
2023-08-29 11:20:58,37,39,4800,7551
2023-08-29 11:21:03,36,39,4800,7551
2023-08-29 11:21:04,37,39,4800,7551
2023-08-29 11:21:25,37,40,4800,7551
2023-08-29 11:21:36,38,40,4800,7551
2023-08-29 11:21:38,37,40,4800,7551
2023-08-29 11:21:41,38,40,4800,7551
2023-08-29 11:21:43,38,41,4800,7551
2023-08-29 11:21:56,39,41,4800,7551
2023-08-29 11:22:39,39,42,4800,7551
2023-08-29 11:22:49,40,42,4800,7551
2023-08-29 11:23:09,41,42,4800,7551
2023-08-29 11:23:09,41,43,4800,7551
2023-08-29 11:23:24,40,43,4800,7551
2023-08-29 11:23:26,40,42,4800,7551
2023-08-29 11:23:41,40,43,4800,7551
2023-08-29 11:24:43,41,43,4800,7551
2023-08-29 11:26:19,42,43,4800,7551
2023-08-29 11:26:35,41,43,4800,7551
2023-08-29 11:26:51,40,43,4800,7551
2023-08-29 11:27:05,41,43,4800,7551
2023-08-29 11:27:08,40,43,4800,7551
2023-08-29 11:27:11,41,43,4800,7551
2023-08-29 11:27:20,40,43,4800,7551
2023-08-29 11:27:25,41,43,4800,7551
2023-08-29 11:28:17,40,43,4800,7551
2023-08-29 11:29:14,39,43,4800,7551
2023-08-29 11:29:14,39,42,4800,7551
2023-08-29 11:29:23,40,42,4800,7551
2023-08-29 11:29:23,40,43,4800,7551
2023-08-29 11:29:28,40,42,4800,7551
2023-08-29 11:29:32,40,43,4800,7551
2023-08-29 11:30:19,41,43,4800,7551
2023-08-29 11:30:41,41,44,4800,7551
2023-08-29 11:30:41,42,44,4800,7551
2023-08-29 11:31:03,41,44,4800,7551
2023-08-29 11:31:09,42,44,4800,7551
2023-08-29 11:31:49,43,44,4800,7551
2023-08-29 11:31:54,43,45,4800,7551
2023-08-29 11:32:00,44,45,4800,7551
2023-08-29 11:32:04,44,46,4800,7551
2023-08-29 11:34:14,45,46,4800,7551
2023-08-29 11:34:17,45,47,4800,7551
2023-08-29 11:34:52,46,47,4800,7551
2023-08-29 11:34:53,45,47,4800,7551
2023-08-29 11:35:24,45,48,4800,7551
2023-08-29 11:35:24,46,48,4800,7551
2023-08-29 11:35:35,47,48,4800,7551
2023-08-29 11:35:38,47,49,4800,7551
2023-08-29 11:36:02,48,49,4800,7551
2023-08-29 11:36:03,47,49,4800,7551
2023-08-29 11:36:13,46,49,5400,8151
2023-08-29 11:36:36,45,49,6400,9151
2023-08-29 11:36:36,45,48,6400,9151
2023-08-29 11:36:50,46,48,6400,9151
2023-08-29 11:36:51,45,48,6400,9151
2023-08-29 11:36:54,45,47,6400,9151
2023-08-29 11:37:01,46,47,6400,9151
2023-08-29 11:37:01,45,47,6400,9151
2023-08-29 11:37:23,46,47,6400,9151
2023-08-29 11:37:25,45,47,6400,9151
2023-08-29 11:37:25,46,47,6400,9151
2023-08-29 11:37:30,45,47,6400,9151
2023-08-29 11:37:30,46,47,6400,9151
2023-08-29 11:37:32,45,47,6400,9151
2023-08-29 11:37:38,46,47,6400,9151
2023-08-29 11:37:40,45,47,6400,9151
2023-08-29 11:37:59,46,47,6400,9151
2023-08-29 11:38:00,45,47,6400,9151
2023-08-29 11:38:00,47,48,6400,9551
2023-08-29 11:38:01,45,48,6400,9551
2023-08-29 11:38:01,45,48,6400,10051
2023-08-29 11:38:01,46,48,6400,10051
2023-08-29 11:38:01,45,48,6400,10051
2023-08-29 11:38:02,45,49,6400,10051
2023-08-29 11:38:02,46,49,6400,10051
2023-08-29 11:38:02,47,49,6400,10051
2023-08-29 11:38:03,46,49,6400,10051
2023-08-29 11:38:04,47,49,6400,10051
2023-08-29 11:38:04,46,49,6400,10051
2023-08-29 11:38:05,48,49,6400,10051
2023-08-29 11:38:05,46,49,6400,10051
2023-08-29 11:38:06,48,49,6400,10051
2023-08-29 11:38:06,46,49,6400,10051
2023-08-29 11:38:06,48,49,6400,10051
2023-08-29 11:38:07,46,49,6400,10051
2023-08-29 11:38:07,49,50,6877,11251
2023-08-29 11:38:07,47,50,6877,11251
2023-08-29 11:38:08,49,50,6877,11251
2023-08-29 11:38:08,47,50,6877,11251
2023-08-29 11:38:08,48,50,6877,11251
2023-08-29 11:38:09,47,50,6877,11251
2023-08-29 11:38:22,48,50,6877,11251
2023-08-29 11:40:02,49,50,6877,11251
2023-08-29 11:40:03,49,50,6877,11451
2023-08-29 11:40:50,47,50,6877,11651
2023-08-29 11:42:19,47,49,6877,11651
2023-08-29 11:44:08,47,48,6877,11651
2023-08-29 11:45:05,47,48,6800,11851
2023-08-29 11:45:53,46,48,6800,12851
2023-08-29 11:46:59,47,48,6800,12851
2023-08-29 11:48:39,46,48,6800,12851
2023-08-29 11:49:49,47,48,6800,12851
2023-08-29 11:53:49,48,49,6800,13351
2023-08-29 11:53:50,47,49,6800,13351
2023-08-29 11:54:23,47,50,6800,13351
2023-08-29 11:54:35,49,50,6800,13351
2023-08-29 11:55:12,47,50,6800,13351
2023-08-29 11:56:34,47,49,6800,13351
2023-08-29 11:56:37,47,50,6800,13351
2023-08-29 11:56:47,47,49,6800,13351
2023-08-29 11:57:01,47,48,6800,13351
2023-08-29 11:57:02,47,49,6800,13351
2023-08-29 11:57:03,47,48,6800,13351
2023-08-29 11:57:08,47,49,6800,13351
2023-08-29 11:57:43,47,48,6800,13351
2023-08-29 11:57:45,47,49,6800,13351
2023-08-29 11:57:50,47,48,6800,13351
2023-08-29 11:57:51,47,49,6800,13351
2023-08-29 11:57:58,47,48,6800,13351
2023-08-29 11:58:00,47,49,6800,13351
2023-08-29 11:58:01,47,48,6800,13351
2023-08-29 11:58:02,47,49,6800,13351
2023-08-29 11:58:03,47,48,6800,13351
2023-08-29 11:58:04,47,49,6800,13351
2023-08-29 11:58:06,47,48,6800,13351
2023-08-29 11:58:12,46,47,6800,13551
2023-08-29 11:58:39,46,49,6800,13751
2023-08-29 11:58:49,46,48,6800,13751
2023-08-29 11:58:51,46,49,6800,13751
2023-08-29 11:58:58,47,49,6800,13751
2023-08-29 11:59:04,47,48,6800,13751
2023-08-29 11:59:06,47,49,6800,13751
2023-08-29 11:59:32,47,48,6800,13751
2023-08-29 11:59:45,47,49,6800,13751
2023-08-29 12:00:23,47,48,6800,13751
2023-08-29 12:00:24,47,49,6800,13751
2023-08-29 12:01:11,47,48,6800,13751
2023-08-29 12:01:16,46,48,6800,13751
2023-08-29 12:01:36,46,49,6800,13751
2023-08-29 12:01:40,46,48,6800,13751
2023-08-29 12:02:08,46,49,6800,13751
2023-08-29 12:02:09,46,48,6800,13751
2023-08-29 12:02:29,46,49,6800,13751
2023-08-29 12:02:29,46,48,6800,13751
2023-08-29 12:02:45,47,48,6800,13751
2023-08-29 12:02:59,47,49,7000,13951
2023-08-29 12:04:10,47,48,7000,13951
2023-08-29 12:04:14,47,49,7000,13951
2023-08-29 12:04:38,46,49,7000,13951
2023-08-29 12:05:16,46,47,7000,13951
2023-08-29 12:05:25,46,48,7000,13951
2023-08-29 12:05:32,45,48,7000,13951
2023-08-29 12:05:34,45,47,7000,13951
2023-08-29 12:06:16,45,46,7000,13951
2023-08-29 12:06:21,44,46,7000,13951
2023-08-29 12:06:37,44,47,7000,13951
2023-08-29 12:06:45,44,46,7000,13951
2023-08-29 12:07:00,43,46,7000,13951
2023-08-29 12:07:00,43,45,7000,13951
2023-08-29 12:07:00,43,46,7000,14151
2023-08-29 12:07:04,44,46,7000,14151
2023-08-29 12:07:05,44,47,7000,14151
2023-08-29 12:07:07,44,46,7000,14151
2023-08-29 12:07:14,43,46,7000,14151
2023-08-29 12:07:37,43,47,7000,14151
2023-08-29 12:07:38,44,47,7000,14151
2023-08-29 12:07:44,44,48,7000,14151
2023-08-29 12:07:48,45,48,7000,14151
2023-08-29 12:07:57,45,47,7000,14151
2023-08-29 12:08:03,45,48,7000,14151
2023-08-29 12:08:07,45,47,7000,14151
2023-08-29 12:08:08,45,48,7000,14151
2023-08-29 12:08:24,46,48,7000,14151
2023-08-29 12:08:37,46,49,7000,14151
2023-08-29 12:08:53,47,49,7000,14151
2023-08-29 12:10:24,47,50,7000,14151
2023-08-29 12:10:31,48,50,7000,14151
2023-08-29 12:12:54,47,50,7000,14151
2023-08-29 12:13:01,47,49,7000,14151
2023-08-29 12:13:02,47,50,7000,14151
2023-08-29 12:13:09,47,49,7000,14151
2023-08-29 12:13:17,47,48,7000,14151
2023-08-29 12:13:18,46,48,7000,14151
2023-08-29 12:13:31,46,49,7000,14151
2023-08-29 12:13:55,47,49,7000,14151
2023-08-29 12:14:05,46,49,7000,14151
2023-08-29 12:14:45,46,48,7000,14151
2023-08-29 12:16:14,46,47,7000,14151
2023-08-29 12:16:17,45,47,7000,14151
2023-08-29 12:16:27,45,46,7000,14151
2023-08-29 12:16:33,44,46,7000,14151
2023-08-29 12:16:46,44,45,7000,14151
2023-08-29 12:16:48,44,46,7000,14151
2023-08-29 12:16:49,44,45,7000,14151
2023-08-29 12:16:51,44,46,7000,14151
2023-08-29 12:17:01,45,46,7000,14151
2023-08-29 12:17:08,45,47,7000,14151
2023-08-29 12:17:12,44,47,7000,14151
2023-08-29 12:17:12,45,47,7000,14151
2023-08-29 12:17:14,46,47,7000,14151
2023-08-29 12:17:15,46,48,7000,14151
2023-08-29 12:17:17,45,48,7000,14151
2023-08-29 12:17:17,46,48,7000,14151
2023-08-29 12:17:25,47,48,7000,14151
2023-08-29 12:17:29,47,49,7000,14151
2023-08-29 12:17:39,47,48,7000,14151
2023-08-29 12:17:43,46,48,7000,14151
2023-08-29 12:17:51,46,48,6925,14226
2023-08-29 12:18:01,46,49,6925,14226
2023-08-29 12:18:08,47,49,6925,14226
2023-08-29 12:18:16,47,48,6925,14226
2023-08-29 12:18:17,46,48,6925,14226
2023-08-29 12:18:43,45,48,6925,14226
2023-08-29 12:18:43,46,48,6925,14226
2023-08-29 12:20:03,46,49,6925,14226
2023-08-29 12:20:03,47,49,6925,14226
2023-08-29 12:20:44,46,49,6925,14226
2023-08-29 12:20:44,47,49,6925,14226
2023-08-29 12:20:48,47,50,6925,14226
2023-08-29 12:21:12,48,50,6925,14226
2023-08-29 12:24:41,49,50,6925,14226
2023-08-29 12:25:39,49,51,6925,14226
2023-08-29 12:25:57,49,51,6925,14236
2023-08-29 12:26:14,49,50,6925,14236
2023-08-29 12:30:07,50,51,7025,14336
2023-08-29 12:30:08,49,51,7025,14336
2023-08-29 12:35:33,51,52,7125,14436
2023-08-29 12:37:56,49,52,7125,14436
2023-08-29 12:37:57,49,51,7125,14436
2023-08-29 12:38:14,49,50,7125,14436
2023-08-29 12:38:29,49,51,7125,14436
2023-08-29 12:38:37,49,50,7125,14436
2023-08-29 12:38:55,48,50,7125,14436
2023-08-29 12:39:41,48,51,7125,14436
2023-08-29 12:40:12,48,50,7125,14436
2023-08-29 12:40:13,48,51,7125,14436
2023-08-29 12:40:17,48,50,7125,14436
2023-08-29 12:40:21,48,51,7125,14436
2023-08-29 12:40:55,49,51,7125,14436
2023-08-29 12:41:19,49,52,7125,14436
2023-08-29 12:42:05,49,51,7125,14436
2023-08-29 12:42:06,49,52,7125,14446
2023-08-29 12:42:12,49,51,7125,14446
2023-08-29 12:44:22,49,52,7125,14446
2023-08-29 12:44:22,49,51,7125,14446
2023-08-29 12:44:23,49,52,7125,14456
2023-08-29 12:44:24,49,51,7125,14456
2023-08-29 12:44:25,49,52,7125,14466
2023-08-29 12:44:26,49,51,7125,14466
2023-08-29 12:44:27,49,52,7125,14476
2023-08-29 12:44:28,49,51,7125,14476
2023-08-29 12:44:29,49,52,7125,14486
2023-08-29 12:44:30,49,51,7125,14486
2023-08-29 12:44:50,49,52,7125,14486
2023-08-29 12:44:58,49,51,7125,14486
2023-08-29 12:45:49,49,52,7125,14486
2023-08-29 12:45:53,49,51,7125,14486
2023-08-29 12:45:55,49,52,7125,14486
2023-08-29 12:45:56,49,51,7125,14486
2023-08-29 12:46:55,48,51,7125,14486
2023-08-29 12:46:57,48,50,7125,14486
2023-08-29 12:47:02,48,49,7125,14486
2023-08-29 12:47:36,48,50,7125,14486
2023-08-29 12:48:24,48,50,7125,14636
2023-08-29 12:48:52,49,50,7125,14636
2023-08-29 12:49:43,48,50,7125,14636
2023-08-29 12:50:36,48,51,7125,14636
2023-08-29 12:50:36,49,51,7125,14636
2023-08-29 12:51:01,49,50,7125,14636
2023-08-29 12:51:02,48,50,7125,14636
2023-08-29 12:51:34,48,49,7125,14636
2023-08-29 12:51:45,47,49,7125,14636
2023-08-29 12:51:47,47,48,7125,14636
2023-08-29 12:51:58,46,48,7125,14636
2023-08-29 12:51:59,46,47,7125,14636
2023-08-29 12:52:06,46,48,7125,14636
2023-08-29 12:52:17,46,49,7125,14636
2023-08-29 12:52:24,47,49,7125,14636
2023-08-29 12:52:33,47,50,7125,14636
2023-08-29 12:52:45,48,50,7125,14636
2023-08-29 12:53:26,48,51,7125,14636
2023-08-29 12:53:31,49,51,7125,14636
2023-08-29 12:55:07,49,52,7125,14636
2023-08-29 12:55:49,50,52,7125,14636
2023-08-29 12:57:26,49,52,7125,14636
2023-08-29 12:57:44,50,52,7125,14636
2023-08-29 12:58:16,51,52,7125,14636
2023-08-29 12:58:18,51,52,7195,14706
2023-08-29 12:58:19,51,53,7195,14706
2023-08-29 13:01:03,51,52,7195,14706
2023-08-29 13:01:18,50,52,7195,14706
2023-08-29 13:01:49,50,53,7195,14706
2023-08-29 13:01:54,51,53,7195,14706
2023-08-29 13:03:12,52,53,7195,14706
2023-08-29 13:03:39,52,54,7195,14706
2023-08-29 13:04:50,53,54,7195,14706
2023-08-29 13:06:45,53,55,7195,14706
2023-08-29 13:07:33,54,55,7195,14706
2023-08-29 13:08:02,54,55,7345,14856
2023-08-29 13:08:21,54,56,7345,14856
2023-08-29 13:12:08,54,55,7345,14856
2023-08-29 13:12:09,54,56,7345,14856
2023-08-29 13:12:10,54,55,7345,14856
2023-08-29 13:12:14,53,55,7345,14856
2023-08-29 13:12:26,53,55,7295,14906
2023-08-29 13:13:09,53,56,7295,14906
2023-08-29 13:13:10,53,55,7295,14906
2023-08-29 13:13:14,53,56,7295,14906
2023-08-29 13:13:18,53,55,7295,14906
2023-08-29 13:13:36,53,56,7295,14906
2023-08-29 13:13:44,54,56,7295,14906
2023-08-29 13:14:03,55,56,7295,14906
2023-08-29 13:14:47,55,57,7295,14906
2023-08-29 13:14:47,55,57,7460,15071
2023-08-29 13:16:10,55,56,7460,15071
2023-08-29 13:16:13,54,56,7460,15071
2023-08-29 13:16:50,54,57,7460,15071
2023-08-29 13:16:52,54,56,7460,15071
2023-08-29 13:19:51,54,55,7460,15071
2023-08-29 13:19:54,54,56,7460,15071
2023-08-29 13:20:01,54,55,7460,15071
2023-08-29 13:20:07,53,55,7460,15071
2023-08-29 13:20:29,53,56,7460,15071
2023-08-29 13:20:31,53,55,7460,15071
2023-08-29 13:20:33,53,56,7460,15071
2023-08-29 13:20:47,53,55,7460,15071
2023-08-29 13:20:56,53,54,7460,15071
2023-08-29 13:21:01,53,55,7460,15071
2023-08-29 13:21:08,53,56,7460,15071
2023-08-29 13:21:19,54,56,7460,15071
2023-08-29 13:21:21,54,57,7460,15071
2023-08-29 13:21:37,55,57,7460,15071
2023-08-29 13:22:25,56,57,7460,15071
2023-08-29 13:22:43,56,58,7460,15071
2023-08-29 13:23:22,57,58,7460,15071
2023-08-29 13:23:30,57,59,7460,15071
2023-08-29 13:24:54,58,59,7460,15071
2023-08-29 13:27:21,57,59,7460,15071
2023-08-29 13:29:41,57,58,7460,15071
2023-08-29 13:30:04,57,59,7460,15071
2023-08-29 13:30:40,58,59,7460,15071
2023-08-29 13:33:03,57,59,7460,15071
2023-08-29 13:34:04,58,59,7460,15071
2023-08-29 13:34:57,58,60,7460,15071
2023-08-29 13:35:30,58,59,7460,15071
2023-08-29 13:35:31,58,60,7460,15071
2023-08-29 13:35:32,58,59,7460,15071
2023-08-29 13:35:34,58,60,7460,15071
2023-08-29 13:37:31,59,60,7460,15071
2023-08-29 13:41:59,58,59,7610,15221
2023-08-29 13:42:19,58,60,7610,15221
2023-08-29 13:42:39,59,60,7610,15221
2023-08-29 13:52:59,60,61,7611,15222
2023-08-29 13:53:52,60,61,7671,15282
2023-08-29 13:53:55,59,61,7671,15282
2023-08-29 13:53:57,59,60,7671,15282
2023-08-29 13:53:57,58,59,7521,15432
2023-08-29 13:54:01,58,61,7521,15432
2023-08-29 13:54:08,58,60,7521,15432
2023-08-29 13:54:09,58,59,7521,15432
2023-08-29 13:54:09,58,59,7521,15832
2023-08-29 13:54:09,57,59,7521,15832
2023-08-29 13:54:10,56,59,7521,15832
2023-08-29 13:54:10,56,58,7521,15832
2023-08-29 13:54:16,56,59,7521,15832
2023-08-29 13:54:17,57,59,7521,15832
2023-08-29 13:55:05,57,60,7521,15832
2023-08-29 13:55:05,57,58,7521,15832
2023-08-29 13:55:08,56,58,7521,15832
2023-08-29 13:55:09,56,57,7521,15832
2023-08-29 13:55:10,55,57,7521,15832
2023-08-29 13:55:35,54,57,7521,15832
2023-08-29 13:55:39,54,56,7521,15832
2023-08-29 13:55:50,54,57,7521,15832
2023-08-29 13:55:52,55,57,7521,15832
2023-08-29 13:55:56,54,57,7521,15832
2023-08-29 13:55:59,55,57,7521,15832
2023-08-29 13:56:04,55,56,7521,15832
2023-08-29 13:56:04,55,56,7521,16032
2023-08-29 13:56:04,54,56,7521,16032
2023-08-29 13:56:04,53,56,7521,16032
2023-08-29 13:56:04,52,56,7521,16032
2023-08-29 13:56:04,53,56,7521,16032
2023-08-29 13:56:05,53,57,7521,16032
2023-08-29 13:56:05,53,55,7521,16032
2023-08-29 13:56:05,52,55,7521,16032
2023-08-29 13:56:35,53,55,7521,16032
2023-08-29 13:56:35,54,55,7521,16032
2023-08-29 13:56:35,54,57,7521,16032
2023-08-29 13:56:35,54,56,7521,16032
2023-08-29 13:56:59,55,56,7521,16032
2023-08-29 13:57:00,55,56,7521,16232
2023-08-29 13:57:00,55,58,7521,16232
2023-08-29 13:57:00,55,59,7521,16232
2023-08-29 13:57:00,55,57,7521,16232
2023-08-29 13:57:02,56,57,7521,16232
2023-08-29 13:57:09,56,57,7521,16432
2023-08-29 13:57:11,56,59,7521,16432
2023-08-29 13:57:11,56,58,7521,16432
2023-08-29 13:57:12,56,59,7521,16632
2023-08-29 13:57:12,56,60,7521,16632
2023-08-29 13:57:17,58,60,7521,16632
2023-08-29 13:58:26,58,61,7521,16632
2023-08-29 13:59:22,60,61,7521,16632
2023-08-29 13:59:45,58,61,7521,16632
2023-08-29 14:00:34,60,61,7521,16632
2023-08-29 14:00:40,60,62,7521,16632
2023-08-29 14:01:12,60,63,7521,16632
2023-08-29 14:01:20,62,63,7521,16632
2023-08-29 14:02:09,62,64,7521,16632
2023-08-29 14:02:38,62,63,7521,16632
2023-08-29 14:02:38,60,63,7521,16632
2023-08-29 14:02:38,59,63,7521,16632
2023-08-29 14:02:43,59,61,7521,16632
2023-08-29 14:03:26,59,62,7521,16632
2023-08-29 14:03:38,60,62,7521,16632
2023-08-29 14:03:46,60,63,7521,16632
2023-08-29 14:03:51,60,62,7521,16632
2023-08-29 14:03:56,60,63,7521,16632
2023-08-29 14:04:05,61,63,7521,16632
2023-08-29 14:04:10,62,63,7521,16632
2023-08-29 14:04:14,62,64,7521,16632
2023-08-29 14:05:00,62,65,7321,17232
2023-08-29 14:05:01,63,65,7321,17232
2023-08-29 14:06:02,64,65,7321,17232
2023-08-29 14:06:11,62,65,7321,17232
2023-08-29 14:06:11,63,65,7321,17232
2023-08-29 14:06:28,64,65,7321,17232
2023-08-29 14:06:37,64,65,7071,17482
2023-08-29 14:08:53,64,66,7071,17482
2023-08-29 14:08:53,65,66,7071,17482
2023-08-29 14:09:08,65,67,7071,17482
2023-08-29 14:09:22,66,67,7071,17482
2023-08-29 14:09:54,66,68,7071,17482
2023-08-29 14:10:47,67,68,7071,17482
2023-08-29 14:13:02,67,68,7071,17592
2023-08-29 14:13:22,66,68,7071,17632
2023-08-29 14:15:10,66,67,7071,17632
2023-08-29 14:15:41,65,67,7071,17632
2023-08-29 14:15:45,65,68,7071,18143
2023-08-29 14:16:07,65,67,7071,18143
2023-08-29 14:16:11,66,67,7071,18143
2023-08-29 14:16:18,66,68,7071,18143
2023-08-29 14:20:08,66,68,7071,18158
2023-08-29 14:21:34,67,68,7071,18158
2023-08-29 14:21:37,67,69,7071,18158
2023-08-29 14:24:23,68,69,7071,18158
2023-08-29 14:24:23,68,70,7071,18158
2023-08-29 14:25:37,67,70,7071,18158
2023-08-29 14:25:59,67,69,7071,18158
2023-08-29 14:26:03,67,70,7071,18158
2023-08-29 14:26:06,67,69,7071,18158
2023-08-29 14:26:08,67,70,7071,18158
2023-08-29 14:26:10,67,69,7071,18158
2023-08-29 14:26:27,67,70,7071,18158
2023-08-29 14:26:34,67,69,7071,18158
2023-08-29 14:26:35,67,70,7071,18158
2023-08-29 14:26:40,68,70,7071,18158
2023-08-29 14:26:40,69,70,7071,18158
2023-08-29 14:26:40,69,70,7131,18218
2023-08-29 14:30:41,68,70,7131,18218
2023-08-29 14:32:04,69,70,7131,18218
2023-08-29 14:33:30,69,70,7106,18243
2023-08-29 14:33:46,69,71,7106,18243
2023-08-29 14:34:12,69,70,7106,18243
2023-08-29 14:34:15,69,71,7106,18243
2023-08-29 14:34:25,69,70,7106,18243
2023-08-29 14:34:25,68,70,7106,18243
2023-08-29 14:34:45,68,70,7106,18257
2023-08-29 14:34:48,68,71,7106,18257
2023-08-29 14:35:11,68,70,7106,18257
2023-08-29 14:35:14,67,70,7106,18257
2023-08-29 14:35:14,67,69,7106,18257
2023-08-29 14:35:31,67,70,7106,18257
2023-08-29 14:35:34,68,70,7106,18257
2023-08-29 14:35:44,67,70,7106,18257
2023-08-29 14:35:48,68,70,7106,18257
2023-08-29 14:35:52,67,70,7106,18257
2023-08-29 14:36:13,68,70,7106,18257
2023-08-29 14:36:17,68,71,7106,18257
2023-08-29 14:36:19,68,70,7106,18257
2023-08-29 14:36:20,68,71,7106,18257
2023-08-29 14:36:23,68,70,7106,18257
2023-08-29 14:36:26,68,71,7106,18257
2023-08-29 14:36:39,68,70,7106,18257
2023-08-29 14:36:47,69,70,7106,18257
2023-08-29 14:37:01,67,69,7002,18361
2023-08-29 14:37:02,67,68,7002,18361
2023-08-29 14:37:02,66,68,7002,18361
2023-08-29 14:37:24,66,67,7002,18361
2023-08-29 14:37:24,65,67,7002,18361
2023-08-29 14:37:54,65,66,7002,18361
2023-08-29 14:37:57,63,66,7002,18361
2023-08-29 14:37:57,64,66,7002,18361
2023-08-29 14:38:11,64,67,7002,18361
2023-08-29 14:38:13,65,67,7002,18361
2023-08-29 14:38:24,66,67,7002,18361
2023-08-29 14:38:24,66,69,7002,18361
2023-08-29 14:38:24,66,71,7002,18361
2023-08-29 14:38:24,67,71,7002,18361
2023-08-29 14:38:24,67,70,7002,18361
2023-08-29 14:38:25,67,71,7002,18361
2023-08-29 14:38:29,67,70,7002,18361
2023-08-29 14:38:33,68,70,7002,18361
2023-08-29 14:38:39,67,70,7002,18361
2023-08-29 14:38:40,68,70,7002,18361
2023-08-29 14:38:41,68,71,7002,18361
2023-08-29 14:38:56,68,70,7002,18361
2023-08-29 14:39:00,67,70,7002,18361
2023-08-29 14:39:03,68,70,7002,18361
2023-08-29 14:39:05,68,71,7002,18361
2023-08-29 14:39:08,69,71,7002,18361
2023-08-29 14:39:12,70,71,7002,18361
2023-08-29 14:39:13,70,72,7002,18361
2023-08-29 14:40:01,69,72,7002,18361
2023-08-29 14:40:07,70,72,7002,18361
2023-08-29 14:40:30,69,72,7002,18361
2023-08-29 14:40:38,69,71,7002,18361
2023-08-29 14:41:33,69,72,7002,18361
2023-08-29 14:41:57,69,71,7002,18361
2023-08-29 14:42:12,69,72,7002,18361
2023-08-29 14:42:12,69,71,7002,18361
2023-08-29 14:42:44,69,70,7002,18361
2023-08-29 14:42:44,68,70,7002,18361
2023-08-29 14:42:48,68,71,7002,18361
2023-08-29 14:42:49,68,70,7002,18361
2023-08-29 14:42:51,68,71,7002,18361
2023-08-29 14:42:51,68,70,7002,18361
2023-08-29 14:43:56,67,70,7002,18361
2023-08-29 14:43:57,67,69,7002,18361
2023-08-29 14:45:12,66,69,7002,18361
2023-08-29 14:45:25,66,68,7002,18361
2023-08-29 14:45:38,66,69,7002,18361
2023-08-29 14:45:42,66,68,7002,18361
2023-08-29 14:46:06,65,68,7002,18361
2023-08-29 14:46:16,65,67,7002,18361
2023-08-29 14:46:22,65,68,7002,18361
2023-08-29 14:46:22,65,67,7002,18361
2023-08-29 14:46:23,65,68,7002,18361
2023-08-29 14:46:27,65,69,7002,18361
2023-08-29 14:46:31,65,68,7002,18361
2023-08-29 14:46:33,65,69,7002,18361
2023-08-29 14:46:34,65,68,7002,18361
2023-08-29 14:46:35,65,69,7002,18361
2023-08-29 14:46:43,65,68,7002,18361
2023-08-29 14:47:00,65,67,7002,18361
2023-08-29 14:47:24,65,66,7002,18361
2023-08-29 14:47:24,64,66,7002,18361
2023-08-29 14:47:36,63,66,7002,18361
2023-08-29 14:47:49,63,65,7002,18361
2023-08-29 14:47:51,63,66,7002,18361
2023-08-29 14:48:07,64,66,7002,18361
2023-08-29 14:48:11,64,67,7002,18361
2023-08-29 14:48:13,64,68,7002,18361
2023-08-29 14:48:14,67,68,7002,18361
2023-08-29 14:48:14,67,69,7002,18361
2023-08-29 14:48:16,67,71,7002,18361
2023-08-29 14:48:18,68,71,7002,18361
2023-08-29 14:48:22,69,71,7002,18361
2023-08-29 14:48:53,69,72,7002,18361
2023-08-29 14:49:03,68,72,7002,18361
2023-08-29 14:49:04,69,72,7002,18361
2023-08-29 14:49:09,70,72,7002,18361
2023-08-29 14:50:34,69,72,7002,18361
2023-08-29 14:50:55,70,72,7002,18361
2023-08-29 14:50:56,69,72,7002,18361
2023-08-29 14:50:57,70,72,7002,18361
2023-08-29 14:51:02,69,72,7002,18361
2023-08-29 14:51:06,70,72,7002,18361
2023-08-29 14:51:07,69,72,7002,18361
2023-08-29 14:51:17,69,71,7002,18361
2023-08-29 14:51:27,67,71,7002,18361
2023-08-29 14:51:27,68,71,7002,18361
2023-08-29 14:51:36,68,70,7002,18361
2023-08-29 14:51:56,68,71,7002,18361
2023-08-29 14:51:56,68,72,7002,18361
2023-08-29 14:51:57,69,72,7002,18361
2023-08-29 14:51:57,70,72,7002,18361
2023-08-29 14:52:00,69,72,7002,18361
2023-08-29 14:52:01,70,72,7002,18361
2023-08-29 14:52:02,69,72,7002,18361
2023-08-29 14:52:09,70,72,7002,18361
2023-08-29 14:52:17,69,72,7002,18361
2023-08-29 14:52:29,69,71,7002,18361
2023-08-29 14:52:34,69,72,7002,18361
2023-08-29 14:53:10,70,72,7002,18361
2023-08-29 14:53:11,70,73,7002,18361
2023-08-29 14:53:12,71,73,7002,18361
2023-08-29 14:53:13,71,74,7002,18361
2023-08-29 14:53:13,72,74,7002,18361
2023-08-29 14:53:20,72,74,7002,18511
2023-08-29 14:53:48,71,74,7002,18511
2023-08-29 14:53:48,71,73,7002,18511
2023-08-29 14:54:02,70,73,7002,18511
2023-08-29 14:54:15,70,72,7002,18511
2023-08-29 14:54:22,70,73,7002,18511
2023-08-29 14:54:22,70,72,7002,18511
2023-08-29 14:54:30,70,73,7002,18511
2023-08-29 14:55:21,70,72,7002,18511
2023-08-29 14:55:22,70,73,7002,18511
2023-08-29 14:55:44,70,72,7002,18511
2023-08-29 14:55:46,70,71,7002,18511
2023-08-29 14:55:51,70,72,7002,18511
2023-08-29 14:55:57,70,71,7002,18511
2023-08-29 14:55:59,69,71,7002,18511
2023-08-29 14:56:02,69,72,7002,18511
2023-08-29 14:56:08,70,72,7002,18511
2023-08-29 14:56:14,70,73,7002,18511
2023-08-29 14:56:33,70,72,7002,18511
2023-08-29 14:56:37,69,72,7002,18511
2023-08-29 14:56:40,69,71,7002,18511
2023-08-29 14:56:43,69,70,7002,18511
2023-08-29 14:56:45,68,70,7002,18511
2023-08-29 14:56:54,68,71,7002,18511
2023-08-29 14:56:54,69,71,7002,18511
2023-08-29 14:57:01,69,72,7002,18511
2023-08-29 14:57:04,69,73,7002,18511
2023-08-29 14:57:04,70,73,7002,18511
2023-08-29 14:57:10,71,73,7002,18511
2023-08-29 14:57:20,71,74,7002,18511
2023-08-29 14:57:20,72,74,7002,18511
2023-08-29 14:57:27,72,75,7002,18511
2023-08-29 14:57:27,73,75,7002,18511
2023-08-29 14:57:31,72,75,7002,18511
2023-08-29 14:57:47,73,75,7002,18511
2023-08-29 14:57:57,72,75,7002,18511
2023-08-29 14:58:20,73,75,7002,18511
2023-08-29 14:58:22,72,75,7002,18511
2023-08-29 14:58:28,72,75,7077,18586
2023-08-29 14:58:28,74,75,7077,18586
2023-08-29 14:58:28,74,76,7077,18586
2023-08-29 14:58:40,75,77,7077,18586
2023-08-29 14:59:22,75,76,7077,18586
2023-08-29 14:59:50,73,75,7002,18661
2023-08-29 14:59:51,73,76,7002,18661
2023-08-29 14:59:55,73,75,7002,18661
2023-08-29 14:59:58,73,74,7002,18661
2023-08-29 14:59:59,72,74,7002,18661
2023-08-29 15:00:01,72,75,7002,18661
2023-08-29 15:00:12,73,75,7002,18661
2023-08-29 15:00:16,73,76,7002,19110
2023-08-29 15:00:20,74,76,7002,19110
2023-08-29 15:00:22,73,76,7002,19110
2023-08-29 15:00:22,73,77,7077,19185
2023-08-29 15:00:22,73,78,7077,19185
2023-08-29 15:00:22,75,79,7077,19185
2023-08-29 15:00:22,75,78,7077,19185
2023-08-29 15:00:22,76,78,7077,19185
2023-08-29 15:00:22,76,79,7077,19185
2023-08-29 15:00:23,77,79,7077,19185
2023-08-29 15:01:26,78,79,7077,19185
2023-08-29 15:01:52,76,79,7077,19185
2023-08-29 15:01:52,77,79,7077,19185
2023-08-29 15:02:10,76,79,7077,19185
2023-08-29 15:02:10,78,79,7077,19185
2023-08-29 15:03:23,78,80,7077,19185
2023-08-29 15:03:23,79,80,7077,19185
2023-08-29 15:04:31,77,79,7002,19260
2023-08-29 15:04:34,76,79,7002,19260
2023-08-29 15:04:41,76,78,7002,19260
2023-08-29 15:04:46,75,78,7002,19260
2023-08-29 15:04:53,74,78,7002,19260
2023-08-29 15:04:53,76,78,7002,19260
2023-08-29 15:04:55,76,79,7002,19260
2023-08-29 15:04:56,76,78,7002,19260
2023-08-29 15:04:57,76,79,7002,19260
2023-08-29 15:05:05,76,78,7002,19260
2023-08-29 15:05:25,76,79,7002,19260
2023-08-29 15:05:50,76,78,7002,19260
2023-08-29 15:05:52,76,77,7002,19260
2023-08-29 15:05:52,75,77,7002,19260
2023-08-29 15:06:16,75,77,7002,19310
2023-08-29 15:06:28,76,77,7002,19310
2023-08-29 15:06:28,76,78,7002,19310
2023-08-29 15:06:28,76,79,7002,19310
2023-08-29 15:06:39,76,78,7002,19310
2023-08-29 15:06:39,74,78,7002,19310
2023-08-29 15:06:39,75,78,7002,19310
2023-08-29 15:06:42,75,77,7002,19310
2023-08-29 15:06:44,74,77,7002,19310
2023-08-29 15:06:46,74,76,7002,19310
2023-08-29 15:06:59,72,76,7002,19310
2023-08-29 15:06:59,73,76,7002,19310
2023-08-29 15:07:00,73,75,7002,19310
2023-08-29 15:07:02,73,76,7002,19310
2023-08-29 15:07:03,74,76,7002,19310
2023-08-29 15:07:04,74,77,7002,19310
2023-08-29 15:07:10,75,77,7002,19310
2023-08-29 15:07:30,74,77,7002,19310
2023-08-29 15:07:36,75,77,7002,19310
2023-08-29 15:07:38,75,78,7002,19310
2023-08-29 15:07:40,75,79,7002,19310
2023-08-29 15:07:40,76,79,7002,19310
2023-08-29 15:08:12,75,79,7002,19310
2023-08-29 15:08:36,75,78,7002,19310
2023-08-29 15:08:46,75,79,7002,19310
2023-08-29 15:08:48,76,79,7002,19310
2023-08-29 15:08:59,76,78,7002,19310
2023-08-29 15:08:59,75,78,7002,19310
2023-08-29 15:09:08,75,77,7002,19310
2023-08-29 15:09:16,74,77,7002,19310
2023-08-29 15:09:21,74,78,7002,19310
2023-08-29 15:09:22,75,78,7002,19310
2023-08-29 15:09:32,75,77,7002,19310
2023-08-29 15:09:34,73,77,7002,19310
2023-08-29 15:09:34,74,77,7002,19310
2023-08-29 15:09:47,74,78,7002,19310
2023-08-29 15:09:47,75,78,7002,19310
2023-08-29 15:10:02,75,77,7002,19310
2023-08-29 15:10:03,74,77,7002,19310
2023-08-29 15:10:26,72,77,7002,19310
2023-08-29 15:10:26,73,77,7002,19310
2023-08-29 15:10:27,73,76,7002,19310
2023-08-29 15:10:31,73,75,7002,19310
2023-08-29 15:10:34,73,77,7002,19310
2023-08-29 15:10:34,72,77,7002,19310
2023-08-29 15:10:34,74,77,7002,19310
2023-08-29 15:10:44,72,77,7002,19310
2023-08-29 15:10:44,73,77,7002,19310
2023-08-29 15:10:50,73,75,7002,19310
2023-08-29 15:10:57,73,77,7002,19310
2023-08-29 15:10:57,73,76,7002,19310
2023-08-29 15:11:14,73,77,7002,19310
2023-08-29 15:11:14,74,77,7002,19310
2023-08-29 15:11:14,74,78,7002,19310
2023-08-29 15:11:23,75,78,7002,19310
2023-08-29 15:11:23,75,79,7002,19310
2023-08-29 15:11:41,75,78,7002,19310
2023-08-29 15:12:10,75,79,7002,19310
2023-08-29 15:12:24,75,78,7002,19310
2023-08-29 15:12:36,73,78,7002,19310
2023-08-29 15:12:36,74,78,7002,19310
2023-08-29 15:12:38,74,77,7002,19310
2023-08-29 15:12:42,74,76,7002,19310
2023-08-29 15:12:44,72,76,7002,19310
2023-08-29 15:12:47,73,75,7002,19310
2023-08-29 15:12:52,73,74,7002,19310
2023-08-29 15:12:52,71,74,7002,19310
2023-08-29 15:12:52,72,74,7002,19310
2023-08-29 15:12:59,72,73,7002,19310
2023-08-29 15:13:04,72,74,7002,19310
2023-08-29 15:13:07,72,75,7002,19310
2023-08-29 15:13:08,72,74,7002,19310
2023-08-29 15:13:16,71,74,7002,19310
2023-08-29 15:13:21,71,73,7002,19310
2023-08-29 15:13:25,71,72,7002,19310
2023-08-29 15:13:25,69,72,7002,19310
2023-08-29 15:13:25,70,72,7002,19310
2023-08-29 15:13:41,70,74,7002,19310
2023-08-29 15:13:41,71,74,7002,19310
2023-08-29 15:14:00,70,74,7002,19310
2023-08-29 15:14:05,70,71,7002,19310
2023-08-29 15:14:05,69,71,7002,19310
2023-08-29 15:14:15,68,71,7002,19310
2023-08-29 15:14:16,68,70,7002,19310
2023-08-29 15:14:27,68,71,7002,19510
2023-08-29 15:14:37,68,73,7002,19510
2023-08-29 15:14:41,68,72,7002,19510
2023-08-29 15:14:49,68,71,7002,19510
2023-08-29 15:14:50,67,71,7002,19510
2023-08-29 15:15:05,68,71,7002,19510
2023-08-29 15:15:22,68,72,7002,19510
2023-08-29 15:15:22,69,72,7002,19510
2023-08-29 15:15:29,69,73,7002,19510
2023-08-29 15:15:40,68,73,7002,19510
2023-08-29 15:15:40,69,73,7002,19510
2023-08-29 15:15:59,70,73,7002,19510
2023-08-29 15:15:59,70,74,7002,19510
2023-08-29 15:16:01,70,75,7002,19510
2023-08-29 15:16:30,70,74,7002,19510
2023-08-29 15:16:44,69,74,7002,19510
2023-08-29 15:16:45,70,74,7002,19510
2023-08-29 15:16:46,70,75,7002,19510
2023-08-29 15:16:53,71,75,7002,19510
2023-08-29 15:17:28,71,74,7002,19510
2023-08-29 15:17:28,70,74,7002,19510
2023-08-29 15:17:37,70,73,7002,19510
2023-08-29 15:17:39,69,73,7002,19510
2023-08-29 15:17:40,69,72,7002,19510
2023-08-29 15:17:45,68,72,7002,19510
2023-08-29 15:17:46,68,71,7002,19510
2023-08-29 15:17:54,68,70,7002,19510
2023-08-29 15:18:02,67,71,7002,19510
2023-08-29 15:18:10,68,71,7002,19510
2023-08-29 15:18:39,68,70,7002,19510
2023-08-29 15:18:39,67,70,7002,19510
2023-08-29 15:18:46,66,70,7002,19510
2023-08-29 15:18:46,67,70,7002,19510
2023-08-29 15:18:47,67,69,7002,19510
2023-08-29 15:18:48,66,69,7002,19510
2023-08-29 15:19:03,66,70,7002,19510
2023-08-29 15:19:03,67,70,7002,19510
2023-08-29 15:19:03,68,70,7002,19510
2023-08-29 15:19:20,66,70,7002,19510
2023-08-29 15:19:20,67,70,7002,19510
2023-08-29 15:19:30,67,68,7002,19510
2023-08-29 15:19:30,66,68,7002,19510
2023-08-29 15:19:46,64,66,7002,19532
2023-08-29 15:19:50,63,66,7002,19532
2023-08-29 15:19:56,63,66,6877,19732
2023-08-29 15:19:56,61,66,6677,19932
2023-08-29 15:19:56,61,65,6677,19932
2023-08-29 15:19:56,59,65,6677,19932
2023-08-29 15:19:56,59,62,6677,19932
2023-08-29 15:20:01,59,65,6677,19932
2023-08-29 15:20:01,59,63,6677,19932
2023-08-29 15:20:01,60,63,6677,19932
2023-08-29 15:20:02,60,65,6677,19932
2023-08-29 15:20:02,60,66,6677,19932
2023-08-29 15:20:02,60,64,6677,19932
2023-08-29 15:20:02,61,64,6677,19932
2023-08-29 15:20:04,62,64,6677,19932
2023-08-29 15:20:04,62,67,6677,19932
2023-08-29 15:20:04,62,65,6677,19932
2023-08-29 15:20:08,65,67,6677,20007
2023-08-29 15:20:08,65,69,6677,20007
2023-08-29 15:20:10,65,72,6677,20007
2023-08-29 15:20:10,65,70,6677,20007
2023-08-29 15:20:12,65,69,6677,20007
2023-08-29 15:20:21,65,68,6677,20007
2023-08-29 15:20:29,65,69,6677,20007
2023-08-29 15:20:32,66,69,6677,20007
2023-08-29 15:20:32,66,70,6677,20007
2023-08-29 15:20:33,66,71,6677,20007
2023-08-29 15:20:35,67,71,6677,20007
2023-08-29 15:20:35,68,71,6677,20007
2023-08-29 15:20:51,67,71,6677,20007
2023-08-29 15:20:51,66,71,6677,20007
2023-08-29 15:20:55,66,73,6677,20007
2023-08-29 15:20:55,66,70,6677,20007
2023-08-29 15:20:59,66,73,6677,20007
2023-08-29 15:20:59,66,71,6677,20007
2023-08-29 15:21:04,66,70,6677,20007
2023-08-29 15:21:23,66,71,6677,20007
2023-08-29 15:21:24,67,71,6677,20007
2023-08-29 15:21:44,69,71,6677,20007
2023-08-29 15:21:57,69,73,6677,20007
2023-08-29 15:22:04,69,73,6677,20007
2023-08-29 15:22:04,69,71,6677,20007
2023-08-29 15:22:14,69,72,6677,20007
2023-08-29 15:22:20,69,75,6677,20007
2023-08-29 15:22:20,69,73,6677,20007
2023-08-29 15:22:26,69,75,6677,20007
2023-08-29 15:22:26,69,72,6677,20007
2023-08-29 15:22:28,69,71,6677,20007
2023-08-29 15:23:05,69,70,6677,20007
2023-08-29 15:23:07,69,71,6677,20007
2023-08-29 15:23:13,63,69,6677,20022
2023-08-29 15:23:17,63,68,6677,20022
2023-08-29 15:23:18,63,69,6677,20022
2023-08-29 15:23:19,63,68,6677,20022
2023-08-29 15:23:20,63,69,6677,20022
2023-08-29 15:23:29,62,69,6677,20022
2023-08-29 15:23:32,63,69,6677,20022
2023-08-29 15:23:37,65,69,6677,20022
2023-08-29 15:23:44,63,69,6677,20022
2023-08-29 15:23:51,64,69,6677,20022
2023-08-29 15:24:01,63,69,6677,20022
2023-08-29 15:24:10,63,68,6677,20022
2023-08-29 15:24:11,63,69,6677,20022
2023-08-29 15:24:11,63,68,6677,20022
2023-08-29 15:24:12,62,68,6677,20022
2023-08-29 15:24:15,61,68,6677,20022
2023-08-29 15:24:17,62,68,6677,20022
2023-08-29 15:24:19,63,68,6677,20022
2023-08-29 15:24:19,63,69,6677,20022
2023-08-29 15:24:20,60,69,6677,20022
2023-08-29 15:24:20,64,69,6677,20022
2023-08-29 15:24:30,63,69,6677,20022
2023-08-29 15:24:39,63,68,6677,20022
2023-08-29 15:24:42,63,69,6677,20022
2023-08-29 15:24:43,64,69,6677,20022
2023-08-29 15:24:57,63,69,6677,20022
2023-08-29 15:25:00,63,68,6677,20022
2023-08-29 15:25:11,61,68,6677,20022
2023-08-29 15:25:15,62,69,6677,20022
2023-08-29 15:25:15,62,67,6677,20022
2023-08-29 15:25:20,61,67,6677,20022
2023-08-29 15:25:23,61,66,6677,20022
2023-08-29 15:25:28,60,66,6677,20022
2023-08-29 15:25:31,60,65,6677,20022
2023-08-29 15:25:32,60,66,6677,20022
2023-08-29 15:25:33,60,65,6677,20022
2023-08-29 15:25:34,60,66,6677,20022
2023-08-29 15:25:35,60,65,6677,20022
2023-08-29 15:25:36,60,66,6677,20022
2023-08-29 15:25:36,59,66,6677,20022
2023-08-29 15:25:36,61,66,6677,20022
2023-08-29 15:25:59,60,66,6677,20022
2023-08-29 15:26:00,60,65,6677,20022
2023-08-29 15:26:02,59,65,6677,20022
2023-08-29 15:26:02,59,67,6677,20022
2023-08-29 15:26:02,61,67,6677,20022
2023-08-29 15:26:02,61,66,6677,20022
2023-08-29 15:26:05,60,66,6677,20022
2023-08-29 15:26:12,61,66,6677,20022
2023-08-29 15:26:20,60,66,6677,20022
2023-08-29 15:26:20,60,67,6677,20022
2023-08-29 15:26:20,62,67,6677,20022
2023-08-29 15:26:23,61,67,6677,20022
2023-08-29 15:26:24,61,68,6677,20022
2023-08-29 15:26:29,57,66,6602,20472
2023-08-29 15:26:29,57,65,6602,20472
2023-08-29 15:26:29,61,65,6602,20472
2023-08-29 15:26:30,61,63,6602,20472
2023-08-29 15:26:33,57,63,6602,20472
2023-08-29 15:26:33,60,63,6602,20472
2023-08-29 15:26:40,59,63,6602,20472
2023-08-29 15:26:41,59,61,6602,20472
2023-08-29 15:27:00,59,65,6602,20472
2023-08-29 15:27:00,59,63,6602,20472
2023-08-29 15:27:01,60,63,6602,20472
2023-08-29 15:27:01,60,65,6602,20472
2023-08-29 15:27:01,60,67,6602,20472
2023-08-29 15:27:01,60,65,6602,20472
2023-08-29 15:27:01,56,65,6602,20472
2023-08-29 15:27:01,61,65,6602,20472
2023-08-29 15:27:11,62,65,6602,20472
2023-08-29 15:27:11,62,66,6602,20472
2023-08-29 15:27:12,60,66,6602,20982
2023-08-29 15:27:12,62,66,6602,20982
2023-08-29 15:27:15,62,67,6602,20982
2023-08-29 15:27:16,62,66,6602,20982
2023-08-29 15:27:19,60,66,6602,20982
2023-08-29 15:27:19,61,66,6602,20982
2023-08-29 15:27:24,62,66,6602,20982
2023-08-29 15:27:32,61,66,6602,20982
2023-08-29 15:27:32,61,65,6602,20982
2023-08-29 15:27:40,60,65,6602,20982
2023-08-29 15:27:43,60,64,6602,20982
2023-08-29 15:27:52,60,65,6602,20982
2023-08-29 15:28:04,60,64,6602,20982
2023-08-29 15:28:10,59,64,6602,20982
2023-08-29 15:28:22,59,65,6602,20982
2023-08-29 15:28:23,60,65,6602,20982
2023-08-29 15:28:25,60,64,6602,20982
2023-08-29 15:28:25,59,64,6602,20982
2023-08-29 15:28:29,59,65,6602,20982
2023-08-29 15:28:29,60,65,6602,20982
2023-08-29 15:28:30,61,65,6602,20982
2023-08-29 15:28:38,60,65,6602,20982
2023-08-29 15:28:56,60,64,6602,20982
2023-08-29 15:28:58,59,64,6602,20982
2023-08-29 15:28:59,59,65,6602,20982
2023-08-29 15:28:59,59,63,6602,20982
2023-08-29 15:28:59,58,63,6602,20982
2023-08-29 15:29:00,58,65,6602,21132
2023-08-29 15:29:01,57,65,6602,21132
2023-08-29 15:29:03,58,65,6602,21132
2023-08-29 15:29:04,58,61,6602,21132
2023-08-29 15:29:04,57,61,6602,21132
2023-08-29 15:29:06,57,63,6602,21332
2023-08-29 15:29:08,56,63,6602,21332
2023-08-29 15:29:11,57,63,6602,21332
2023-08-29 15:29:14,57,64,6602,21332
2023-08-29 15:29:17,56,64,6602,21332
2023-08-29 15:29:17,58,64,6602,21332
2023-08-29 15:29:26,58,64,6637,21367
2023-08-29 15:29:26,58,62,6637,21367
2023-08-29 15:29:34,59,62,6637,21367
2023-08-29 15:29:34,59,63,6637,21367
2023-08-29 15:29:52,57,63,6637,21367
2023-08-29 15:29:53,58,65,6637,21367
2023-08-29 15:29:53,58,62,6637,21367
2023-08-29 15:29:57,57,62,6637,21367
2023-08-29 15:29:59,57,61,6637,21367
2023-08-29 15:30:01,58,61,6637,21367
2023-08-29 15:30:01,58,62,6637,21367
2023-08-29 15:30:02,59,62,6637,21367
2023-08-29 15:30:03,59,63,6637,21442
2023-08-29 15:30:10,60,63,6637,21442
2023-08-29 15:30:10,60,65,6637,21442
2023-08-29 15:30:10,60,64,6637,21442
2023-08-29 15:30:13,60,65,6637,21477
2023-08-29 15:30:35,64,65,6637,21477
2023-08-29 15:30:40,60,65,6637,21477
2023-08-29 15:30:45,59,65,6637,21477
2023-08-29 15:30:56,58,65,6637,21477
2023-08-29 15:30:56,58,64,6637,21477
2023-08-29 15:31:04,59,64,6637,21477
2023-08-29 15:31:07,58,64,6637,21477
2023-08-29 15:31:11,59,64,6637,21477
2023-08-29 15:31:16,58,64,6637,21477
2023-08-29 15:31:17,59,64,6637,21477
2023-08-29 15:31:18,59,65,6637,21477
2023-08-29 15:31:27,58,65,6637,21477
2023-08-29 15:31:30,62,65,6637,21477
2023-08-29 15:31:32,63,65,6637,21477
2023-08-29 15:31:41,63,65,6637,21677
2023-08-29 15:31:42,64,65,6637,21677
2023-08-29 15:31:46,64,69,6637,21702
2023-08-29 15:32:07,65,69,6637,21702
2023-08-29 15:32:24,66,69,6637,21702
2023-08-29 15:32:25,67,69,6637,21702
2023-08-29 15:32:26,67,69,6652,21902
2023-08-29 15:32:26,68,69,6652,21902
2023-08-29 15:32:27,68,72,6692,21992
2023-08-29 15:32:28,68,73,6692,21992
2023-08-29 15:32:31,69,73,6692,21992
2023-08-29 15:32:40,70,73,6692,21992
2023-08-29 15:32:45,70,75,6692,21992
2023-08-29 15:32:45,70,72,6692,21992
2023-08-29 15:32:45,68,72,6692,21992
2023-08-29 15:32:45,69,72,6692,21992
2023-08-29 15:32:47,67,72,6692,21992
2023-08-29 15:32:47,68,72,6692,21992
2023-08-29 15:33:06,70,72,6692,21992
2023-08-29 15:33:14,70,71,6692,21992
2023-08-29 15:33:14,68,71,6692,21992
2023-08-29 15:33:14,67,71,6692,21992
2023-08-29 15:33:17,67,75,6692,21992
2023-08-29 15:33:17,67,73,6692,21992
2023-08-29 15:33:17,67,72,6692,21992
2023-08-29 15:33:17,68,72,6692,21992
2023-08-29 15:33:22,72,73,6692,22067
2023-08-29 15:33:22,72,73,6692,22142
2023-08-29 15:33:53,73,74,6492,22342
2023-08-29 15:34:03,73,77,6492,22342
2023-08-29 15:34:03,73,75,6492,22342
2023-08-29 15:34:03,73,76,6492,22342
2023-08-29 15:34:03,73,75,6492,22342
2023-08-29 15:34:03,73,77,6492,22342
2023-08-29 15:34:03,73,75,6492,22342
2023-08-29 15:34:03,73,76,6492,22342
2023-08-29 15:34:03,73,75,6492,22342
2023-08-29 15:34:04,73,77,6492,22342
2023-08-29 15:34:04,73,76,6492,22342
2023-08-29 15:34:04,73,75,6492,22342
2023-08-29 15:34:10,73,76,6492,22342
2023-08-29 15:34:12,73,77,6492,22342
2023-08-29 15:34:22,73,79,6492,22342
2023-08-29 15:34:22,73,78,6492,22342
2023-08-29 15:34:32,78,81,6492,22417
2023-08-29 15:34:32,78,81,6492,22492
2023-08-29 15:34:33,78,80,6492,22492
2023-08-29 15:34:36,78,79,6492,22492
2023-08-29 15:34:58,78,79,6457,22527
2023-08-29 15:34:58,79,81,6292,22692
2023-08-29 15:35:01,79,82,6292,22692
2023-08-29 15:35:13,75,82,6292,22692
2023-08-29 15:35:22,74,82,6292,22692
2023-08-29 15:35:22,72,82,6292,22692
2023-08-29 15:35:22,71,82,6292,22692
2023-08-29 15:35:22,71,81,6292,22692
2023-08-29 15:35:22,73,81,6292,22692
2023-08-29 15:35:30,71,81,6292,22692
2023-08-29 15:35:30,71,80,6292,22692
2023-08-29 15:35:30,72,80,6292,22692
2023-08-29 15:35:34,72,79,6292,22692
2023-08-29 15:35:34,69,79,6292,22692
2023-08-29 15:35:34,71,79,6292,22692
2023-08-29 15:35:35,69,79,6292,22692
2023-08-29 15:35:35,72,79,6292,22692
2023-08-29 15:35:41,69,79,6292,22692
2023-08-29 15:35:41,71,79,6292,22692
2023-08-29 15:35:48,76,79,6292,22692
2023-08-29 15:36:04,76,78,6292,22692
2023-08-29 15:36:05,76,79,6292,22692
2023-08-29 15:36:06,76,78,6292,22692
2023-08-29 15:36:06,76,77,6292,22692
2023-08-29 15:36:10,76,80,6292,22692
2023-08-29 15:36:10,76,79,6292,22692
2023-08-29 15:36:32,73,79,6292,22692
2023-08-29 15:36:34,73,82,6292,22692
2023-08-29 15:36:34,73,81,6292,22692
2023-08-29 15:36:34,72,81,6292,22692
2023-08-29 15:36:34,74,81,6292,22692
2023-08-29 15:36:45,72,81,6292,22692
2023-08-29 15:36:45,73,81,6292,22692
2023-08-29 15:36:45,75,81,6292,22692
2023-08-29 15:36:53,72,81,6292,22692
2023-08-29 15:36:53,74,81,6292,22692
2023-08-29 15:36:59,72,81,6292,22692
2023-08-29 15:36:59,75,81,6292,22692
2023-08-29 15:37:10,73,81,6292,22692
2023-08-29 15:37:10,76,81,6292,22692
2023-08-29 15:37:11,76,83,6292,22692
2023-08-29 15:37:11,75,83,6292,22692
2023-08-29 15:37:11,75,84,6292,22692
2023-08-29 15:37:11,77,84,6292,22692
2023-08-29 15:37:13,77,85,6292,22692
2023-08-29 15:37:13,78,85,6292,22692
2023-08-29 15:37:25,77,85,6292,22692
2023-08-29 15:37:25,79,85,6292,22692
2023-08-29 15:37:30,77,85,6292,22692
2023-08-29 15:37:30,78,85,6292,22692
2023-08-29 15:37:36,77,85,6292,22692
2023-08-29 15:37:36,79,85,6292,22692
2023-08-29 15:37:44,77,85,6292,22692
2023-08-29 15:37:44,78,85,6292,22692
2023-08-29 15:37:54,77,85,6292,22692
2023-08-29 15:37:54,79,85,6292,22692
2023-08-29 15:37:55,77,85,6292,22692
2023-08-29 15:37:55,80,85,6292,22692
2023-08-29 15:38:04,77,85,6292,22692
2023-08-29 15:38:04,79,85,6292,22692
2023-08-29 15:38:28,77,85,6292,22692
2023-08-29 15:38:28,78,85,6292,22692
2023-08-29 15:38:31,78,83,6292,22692
2023-08-29 15:38:31,75,83,6292,22692
2023-08-29 15:38:31,74,83,6292,22692
2023-08-29 15:38:31,77,83,6292,22692
2023-08-29 15:38:33,74,83,6292,22692
2023-08-29 15:38:33,76,83,6292,22692
2023-08-29 15:38:39,74,83,6292,22692
2023-08-29 15:38:39,77,83,6292,22692
2023-08-29 15:39:02,74,83,6292,22692
2023-08-29 15:39:02,76,83,6292,22692
2023-08-29 15:39:06,74,83,6292,22692
2023-08-29 15:39:06,77,83,6292,22692
2023-08-29 15:39:26,74,83,6292,22692
2023-08-29 15:39:26,76,83,6292,22692
2023-08-29 15:39:28,74,83,6292,22692
2023-08-29 15:39:28,77,83,6292,22692
2023-08-29 15:39:29,74,83,6292,22692
2023-08-29 15:39:29,75,83,6292,22692
2023-08-29 15:39:29,78,83,6292,22692
2023-08-29 15:39:33,75,83,6292,22692
2023-08-29 15:39:33,73,83,6292,22692
2023-08-29 15:39:33,76,83,6292,22692
2023-08-29 15:39:33,79,83,6292,22692
2023-08-29 15:39:40,79,85,6292,22692
2023-08-29 15:39:44,77,85,6292,22692
2023-08-29 15:39:44,80,85,6292,22692
2023-08-29 15:39:48,77,85,6292,22692
2023-08-29 15:39:48,79,85,6292,22692
2023-08-29 15:40:03,79,84,6292,22692
2023-08-29 15:40:04,79,85,6292,22692
2023-08-29 15:40:04,79,86,6292,22692
2023-08-29 15:40:04,79,83,6292,22692
2023-08-29 15:40:04,76,83,6292,22692
2023-08-29 15:40:04,78,83,6292,22692
2023-08-29 15:40:07,76,83,6292,22692
2023-08-29 15:40:07,79,83,6292,22692
2023-08-29 15:40:34,76,83,6292,22692
2023-08-29 15:40:34,78,83,6292,22692
2023-08-29 15:40:48,75,83,6292,22692
2023-08-29 15:40:48,77,83,6292,22692
2023-08-29 15:40:49,77,84,6292,22692
2023-08-29 15:40:49,77,86,6292,22692
2023-08-29 15:40:49,77,83,6292,22692
2023-08-29 15:40:49,77,81,6292,22692
2023-08-29 15:40:50,77,80,6292,22692
2023-08-29 15:40:50,74,80,6292,22692
2023-08-29 15:40:50,73,80,6292,22692
2023-08-29 15:40:50,76,80,6292,22692
2023-08-29 15:40:51,76,81,6292,22692
2023-08-29 15:40:56,76,80,6292,22692
2023-08-29 15:40:57,76,81,6292,22692
2023-08-29 15:41:01,73,81,6292,22692
2023-08-29 15:41:01,77,81,6292,22692
2023-08-29 15:41:17,74,81,6292,22692
2023-08-29 15:41:17,78,81,6292,22692
2023-08-29 15:41:29,75,81,6292,22692
2023-08-29 15:41:29,74,81,6292,22692
2023-08-29 15:41:29,77,81,6292,22692
2023-08-29 15:41:34,74,81,6292,22692
2023-08-29 15:41:34,73,81,6292,22692
2023-08-29 15:41:34,76,81,6292,22692
2023-08-29 15:41:38,76,83,6292,22692
2023-08-29 15:41:38,76,79,6292,22692
2023-08-29 15:41:43,72,79,6292,22692
2023-08-29 15:41:43,75,79,6292,22692
2023-08-29 15:41:48,75,78,6292,22692
2023-08-29 15:41:49,75,79,6292,22692
2023-08-29 15:41:56,75,78,6292,22692
2023-08-29 15:41:56,75,77,6292,22692
2023-08-29 15:41:56,71,77,6292,22692
2023-08-29 15:41:56,74,77,6292,22692
2023-08-29 15:42:01,71,77,6292,22692
2023-08-29 15:42:01,63,77,6292,22692
2023-08-29 15:42:01,70,77,6292,22692
2023-08-29 15:42:01,73,77,6292,22692
2023-08-29 15:42:05,73,76,6292,22692
2023-08-29 15:42:05,70,76,6292,22692
2023-08-29 15:42:05,69,76,6292,22692
2023-08-29 15:42:05,69,75,6292,22692
2023-08-29 15:42:05,72,75,6292,22692
2023-08-29 15:42:12,69,75,6292,22692
2023-08-29 15:42:12,73,75,6292,22692
2023-08-29 15:42:18,70,75,6292,22692
2023-08-29 15:42:18,69,75,6292,22692
2023-08-29 15:42:18,72,75,6292,22692
2023-08-29 15:42:20,69,75,6292,22692
2023-08-29 15:42:20,73,75,6292,22692
2023-08-29 15:42:25,69,75,6292,22692
2023-08-29 15:42:25,72,75,6292,22692
2023-08-29 15:42:28,68,75,6292,22692
2023-08-29 15:42:28,71,75,6292,22692
2023-08-29 15:42:34,71,74,6292,22692
2023-08-29 15:42:35,71,75,6292,22692
2023-08-29 15:42:35,71,78,6292,22692
2023-08-29 15:42:35,71,73,6292,22692
2023-08-29 15:42:36,67,73,6292,22692
2023-08-29 15:42:36,70,73,6292,22692
2023-08-29 15:42:41,70,72,6292,22692
2023-08-29 15:42:42,70,73,6292,22692
2023-08-29 15:42:43,70,72,6292,22692
2023-08-29 15:42:43,67,72,6292,22692
2023-08-29 15:42:43,66,72,6292,22692
2023-08-29 15:42:43,69,72,6292,22692
2023-08-29 15:42:44,69,73,6292,22692
2023-08-29 15:42:45,66,73,6292,22692
2023-08-29 15:42:45,70,73,6292,22692
2023-08-29 15:42:46,70,72,6292,22692
2023-08-29 15:42:46,66,72,6292,22692
2023-08-29 15:42:46,69,72,6292,22692
2023-08-29 15:42:47,69,73,6292,22692
2023-08-29 15:42:47,69,71,6292,22692
2023-08-29 15:42:48,69,73,6292,22692
2023-08-29 15:42:49,69,72,6292,22692
2023-08-29 15:42:50,69,73,6292,22692
2023-08-29 15:42:50,69,71,6292,22692
2023-08-29 15:42:50,66,71,6292,22692
2023-08-29 15:42:50,70,71,6292,22692
2023-08-29 15:42:51,70,73,6292,22692
2023-08-29 15:42:52,70,72,6292,22692
2023-08-29 15:42:52,66,72,6292,22692
2023-08-29 15:42:52,69,72,6292,22692
2023-08-29 15:42:53,69,73,6292,22692
2023-08-29 15:42:53,69,76,6292,22692
2023-08-29 15:42:53,69,71,6292,22692
2023-08-29 15:42:55,65,71,6292,22692
2023-08-29 15:42:55,68,71,6292,22692
2023-08-29 15:42:57,65,71,6292,22692
2023-08-29 15:42:57,69,71,6292,22692
2023-08-29 15:42:59,69,71,6292,22722
2023-08-29 15:43:08,65,71,6292,22722
2023-08-29 15:43:08,68,71,6292,22722
2023-08-29 15:43:15,65,71,6292,22722
2023-08-29 15:43:15,69,71,6292,22722
2023-08-29 15:43:22,69,70,6292,22722
2023-08-29 15:43:23,69,71,6292,22722
2023-08-29 15:43:24,69,70,6292,22722
2023-08-29 15:43:24,65,70,6292,22722
2023-08-29 15:43:24,68,70,6292,22722
2023-08-29 15:43:25,68,71,6292,22722
2023-08-29 15:43:26,68,70,6292,22722
2023-08-29 15:43:27,68,71,6292,22722
2023-08-29 15:43:27,65,71,6292,22722
2023-08-29 15:43:27,66,71,6292,22722
2023-08-29 15:43:27,69,71,6292,22722
2023-08-29 15:43:28,66,71,6292,22722
2023-08-29 15:43:28,67,71,6292,22722
2023-08-29 15:43:28,70,71,6292,22722
2023-08-29 15:43:32,70,76,6292,22722
2023-08-29 15:43:32,67,76,6292,22722
2023-08-29 15:43:32,67,73,6292,22722
2023-08-29 15:43:32,71,73,6292,22722
2023-08-29 15:43:41,68,73,6292,22722
2023-08-29 15:43:41,67,73,6292,22722
2023-08-29 15:43:41,70,73,6292,22722
2023-08-29 15:43:42,70,72,6292,22722
2023-08-29 15:43:43,70,73,6292,22722
2023-08-29 15:43:44,70,72,6292,22722
2023-08-29 15:43:44,70,72,6092,22922
2023-08-29 15:43:44,67,72,6092,22922
2023-08-29 15:43:44,65,72,6092,22922
2023-08-29 15:43:44,68,72,6092,22922
2023-08-29 15:43:45,68,73,6092,22922
2023-08-29 15:43:45,68,72,6092,22922
2023-08-29 15:43:45,68,73,6092,22922
2023-08-29 15:43:46,68,72,6092,22922
2023-08-29 15:43:47,68,73,6092,22922
2023-08-29 15:43:47,68,71,6092,22922
2023-08-29 15:43:48,68,73,6092,22922
2023-08-29 15:43:51,64,73,6092,22922
2023-08-29 15:43:51,67,73,6092,22922
2023-08-29 15:43:52,67,72,6092,22922
2023-08-29 15:43:54,67,71,6092,22922
2023-08-29 15:43:55,67,72,6092,22922
2023-08-29 15:43:55,67,70,6092,22922
2023-08-29 15:43:55,64,70,6092,22922
2023-08-29 15:43:55,63,70,6092,22922
2023-08-29 15:43:55,66,70,6092,22922
2023-08-29 15:43:56,66,72,6092,22922
2023-08-29 15:43:56,66,69,6092,22922
2023-08-29 15:43:57,66,72,6092,22922
2023-08-29 15:43:57,66,68,6092,22922
2023-08-29 15:43:58,66,72,6092,22922
2023-08-29 15:43:58,66,71,6092,22922
2023-08-29 15:43:59,66,70,6092,22922
2023-08-29 15:44:00,66,71,6092,22922
2023-08-29 15:44:00,63,71,6092,22922
2023-08-29 15:44:00,63,70,6092,22922
2023-08-29 15:44:00,61,70,6092,22922
2023-08-29 15:44:00,65,70,6092,22922
2023-08-29 15:44:01,65,69,6092,22922
2023-08-29 15:44:02,65,70,6092,22922
2023-08-29 15:44:02,65,68,6092,22922
2023-08-29 15:44:03,65,70,6092,22922
2023-08-29 15:44:03,65,67,6092,22922
2023-08-29 15:44:04,65,70,6092,22922
2023-08-29 15:44:04,65,66,6092,22922
2023-08-29 15:44:05,65,70,6092,22922
2023-08-29 15:44:05,61,70,6022,22992
2023-08-29 15:44:05,61,69,6022,22992
2023-08-29 15:44:06,61,68,6022,22992
2023-08-29 15:44:07,61,70,6022,22992
2023-08-29 15:44:07,61,67,6022,22992
2023-08-29 15:44:08,61,69,6022,22992
2023-08-29 15:44:08,61,68,6022,22992
2023-08-29 15:44:09,61,67,6022,22992
2023-08-29 15:44:10,61,69,6022,22992
2023-08-29 15:44:10,61,66,6022,22992
2023-08-29 15:44:11,61,69,6022,22992
2023-08-29 15:44:11,61,65,6022,22992
2023-08-29 15:44:12,61,70,6022,22992
2023-08-29 15:44:12,61,69,6022,22992
2023-08-29 15:44:12,61,70,6022,22992
2023-08-29 15:44:13,61,69,6022,22992
2023-08-29 15:44:14,61,70,6022,22992
2023-08-29 15:44:14,61,68,6022,22992
2023-08-29 15:44:14,62,68,6022,22992
2023-08-29 15:44:15,62,69,6022,22992
2023-08-29 15:44:15,62,67,6022,22992
2023-08-29 15:44:16,62,70,6022,22992
2023-08-29 15:44:16,62,69,6022,22992
2023-08-29 15:44:17,62,68,6022,22992
2023-08-29 15:44:18,62,69,6022,22992
2023-08-29 15:44:19,62,68,6022,22992
2023-08-29 15:44:20,62,70,6022,22992
2023-08-29 15:44:20,62,67,6022,22992
2023-08-29 15:44:21,62,70,6022,22992
2023-08-29 15:44:21,62,69,6022,22992
2023-08-29 15:44:22,62,68,6022,22992
2023-08-29 15:44:23,62,70,6022,22992
2023-08-29 15:44:23,62,69,6022,22992
2023-08-29 15:44:23,60,69,6022,22992
2023-08-29 15:44:23,63,69,6022,22992
2023-08-29 15:44:23,63,71,6022,22992
2023-08-29 15:44:24,63,70,6022,22992
2023-08-29 15:44:24,63,69,6022,22992
2023-08-29 15:44:25,63,71,6022,22992
2023-08-29 15:44:25,63,70,6022,22992
2023-08-29 15:44:26,63,69,6022,22992
2023-08-29 15:44:27,63,71,6022,22992
2023-08-29 15:44:27,63,68,6022,22992
2023-08-29 15:44:28,63,71,6022,22992
2023-08-29 15:44:28,63,70,6022,22992
2023-08-29 15:44:28,62,70,6022,22992
2023-08-29 15:44:29,62,69,6022,22992
2023-08-29 15:44:30,62,70,6022,22992
2023-08-29 15:44:30,62,68,6022,22992
2023-08-29 15:44:31,62,69,6022,22992
2023-08-29 15:44:32,62,68,6022,22992
2023-08-29 15:44:33,62,69,6022,22992
2023-08-29 15:44:33,62,67,6022,22992
2023-08-29 15:44:34,62,70,6022,22992
2023-08-29 15:44:34,62,69,6022,22992
2023-08-29 15:44:35,62,68,6022,22992
2023-08-29 15:44:35,58,68,6022,22992
2023-08-29 15:44:35,61,68,6022,22992
2023-08-29 15:44:36,61,69,6022,22992
2023-08-29 15:44:37,61,68,6022,22992
2023-08-29 15:44:38,61,69,6022,22992
2023-08-29 15:44:38,61,67,6022,22992
2023-08-29 15:44:38,58,67,6022,22992
2023-08-29 15:44:38,62,67,6022,22992
2023-08-29 15:44:39,62,70,6022,22992
2023-08-29 15:44:39,62,69,6022,22992
2023-08-29 15:44:40,62,68,6022,22992
2023-08-29 15:44:40,63,68,6022,22992
2023-08-29 15:44:41,63,70,6022,22992
2023-08-29 15:44:41,63,69,6022,22992
2023-08-29 15:44:42,63,68,6022,22992
2023-08-29 15:44:43,63,71,6022,22992
2023-08-29 15:44:43,63,70,6022,22992
2023-08-29 15:44:44,63,69,6022,22992
2023-08-29 15:44:45,63,71,6022,22992
2023-08-29 15:44:45,63,70,6022,22992
2023-08-29 15:44:45,60,70,6022,22992
2023-08-29 15:44:46,64,69,6022,22992
2023-08-29 15:44:47,64,71,6022,22992
2023-08-29 15:44:47,64,68,6022,22992
2023-08-29 15:44:48,64,71,6022,22992
2023-08-29 15:44:48,64,70,6022,22992
2023-08-29 15:44:48,63,70,6022,22992
2023-08-29 15:44:49,63,69,6022,22992
2023-08-29 15:44:50,63,71,6022,22992
2023-08-29 15:44:50,63,68,6022,22992
2023-08-29 15:44:51,63,71,6022,22992
2023-08-29 15:44:51,63,67,6022,22992
2023-08-29 15:44:51,60,67,6022,22992
2023-08-29 15:44:52,62,70,6022,22992
2023-08-29 15:44:52,62,69,6022,22992
2023-08-29 15:44:53,62,68,6022,22992
2023-08-29 15:44:53,61,68,6022,22992
2023-08-29 15:44:54,61,69,6022,22992
2023-08-29 15:44:55,61,68,6022,22992
2023-08-29 15:44:56,61,69,6022,22992
2023-08-29 15:44:56,61,67,6022,22992
2023-08-29 15:44:57,61,69,6022,22992
2023-08-29 15:44:58,61,68,6022,22992
2023-08-29 15:44:58,58,68,6022,22992
2023-08-29 15:44:58,62,68,6022,22992
2023-08-29 15:44:59,62,70,6022,22992
2023-08-29 15:44:59,62,67,6022,22992
2023-08-29 15:45:00,62,70,6022,22992
2023-08-29 15:45:00,62,69,6022,22992
2023-08-29 15:45:00,63,69,6022,22992
2023-08-29 15:45:02,63,71,6022,22992
2023-08-29 15:45:02,64,71,6022,22992
2023-08-29 15:45:02,64,72,6022,22992
2023-08-29 15:45:03,64,71,6022,22992
2023-08-29 15:45:03,62,71,6022,22992
2023-08-29 15:45:03,65,71,6022,22992
2023-08-29 15:45:04,65,73,6022,22992
2023-08-29 15:45:04,57,73,6022,22992
2023-08-29 15:45:04,64,73,6022,22992
2023-08-29 15:45:04,66,72,6022,22992
2023-08-29 15:45:05,66,73,6022,22992
2023-08-29 15:45:05,64,73,6022,22992
2023-08-29 15:45:05,67,73,6022,22992
2023-08-29 15:45:05,67,76,6022,22992
2023-08-29 15:45:05,67,74,6022,22992
2023-08-29 15:45:06,67,73,6022,22992
2023-08-29 15:45:06,66,73,6022,22992
2023-08-29 15:45:07,66,74,6022,22992
2023-08-29 15:45:07,66,72,6022,22992
2023-08-29 15:45:08,66,74,6022,22992
2023-08-29 15:45:08,64,74,6022,22992
2023-08-29 15:45:09,67,73,6022,22992
2023-08-29 15:45:10,67,74,6022,22992
2023-08-29 15:45:10,67,72,6022,22992
2023-08-29 15:45:11,67,74,6022,22992
2023-08-29 15:45:11,64,74,6022,22992
2023-08-29 15:45:12,66,73,6022,22992
2023-08-29 15:45:13,66,74,6022,22992
2023-08-29 15:45:13,67,74,6022,22992
2023-08-29 15:45:15,67,75,6022,22992
2023-08-29 15:45:15,67,73,6022,22992
2023-08-29 15:45:16,67,74,6022,22992
2023-08-29 15:45:16,64,74,6022,22992
2023-08-29 15:45:17,66,73,6022,22992
2023-08-29 15:45:18,66,74,6022,22992
2023-08-29 15:45:19,66,73,6022,22992
2023-08-29 15:45:20,66,74,6022,22992
2023-08-29 15:45:21,66,73,6022,22992
2023-08-29 15:45:22,66,74,6022,22992
2023-08-29 15:45:22,66,72,6022,22992
2023-08-29 15:45:23,66,74,6022,22992
2023-08-29 15:45:24,66,73,6022,22992
2023-08-29 15:45:25,66,74,6022,22992
2023-08-29 15:45:26,66,73,6022,22992
2023-08-29 15:45:27,66,74,6022,22992
2023-08-29 15:45:27,64,74,6022,22992
2023-08-29 15:45:29,67,75,6022,22992
2023-08-29 15:45:29,67,74,6022,22992
2023-08-29 15:45:33,67,73,6022,22992
2023-08-29 15:45:34,67,74,6022,22992
2023-08-29 15:45:35,67,73,6022,22992
2023-08-29 15:45:36,67,75,6022,22992
2023-08-29 15:45:36,67,79,6022,22992
2023-08-29 15:45:36,67,74,6022,22992
2023-08-29 15:45:37,67,73,6022,22992
2023-08-29 15:45:37,66,73,6022,22992
2023-08-29 15:45:38,66,74,6022,22992
2023-08-29 15:45:38,65,74,6022,22992
2023-08-29 15:45:38,65,72,6022,22992
2023-08-29 15:45:39,65,71,6022,22992
2023-08-29 15:45:40,65,72,6022,22992
2023-08-29 15:45:40,65,70,6022,22992
2023-08-29 15:45:41,65,72,6022,22992
2023-08-29 15:45:41,65,69,6022,22992
2023-08-29 15:45:42,65,72,6022,22992
2023-08-29 15:45:42,65,68,6022,22992
2023-08-29 15:45:43,65,73,6022,22992
2023-08-29 15:45:43,62,73,6022,22992
2023-08-29 15:45:43,64,77,6022,22992
2023-08-29 15:45:44,64,71,6022,22992
2023-08-29 15:45:45,64,72,6022,22992
2023-08-29 15:45:45,64,70,6022,22992
2023-08-29 15:45:46,64,72,6022,22992
2023-08-29 15:45:46,64,69,6022,22992
2023-08-29 15:45:47,64,72,6022,22992
2023-08-29 15:45:47,65,72,6022,22992
2023-08-29 15:45:47,65,73,6022,22992
2023-08-29 15:45:48,65,72,6022,22992
2023-08-29 15:45:49,65,73,6022,22992
2023-08-29 15:45:49,65,71,6022,22992
2023-08-29 15:45:50,65,73,6022,22992
2023-08-29 15:45:50,65,70,6022,22992
2023-08-29 15:45:51,65,73,6022,22992
2023-08-29 15:45:51,65,69,6022,22992
2023-08-29 15:45:52,65,73,6022,22992
2023-08-29 15:45:53,65,72,6022,22992
2023-08-29 15:45:54,65,73,6022,22992
2023-08-29 15:45:54,65,71,6022,22992
2023-08-29 15:45:55,65,73,6022,22992
2023-08-29 15:45:55,65,70,6022,22992
2023-08-29 15:45:56,65,73,6022,22992
2023-08-29 15:45:56,65,72,6022,22992
2023-08-29 15:45:57,65,71,6022,22992
2023-08-29 15:45:58,65,73,6022,22992
2023-08-29 15:45:58,65,72,6022,22992
2023-08-29 15:45:59,65,71,6022,22992
2023-08-29 15:46:00,65,73,6022,22992
2023-08-29 15:46:00,65,72,6022,22992
2023-08-29 15:46:01,65,71,6022,22992
2023-08-29 15:46:02,65,72,6022,22992
2023-08-29 15:46:02,65,70,6022,22992
2023-08-29 15:46:02,66,70,6022,22992
2023-08-29 15:46:03,66,72,6022,22992
2023-08-29 15:46:03,66,74,6022,22992
2023-08-29 15:46:03,67,74,6022,22992
2023-08-29 15:46:04,67,75,6022,22992
2023-08-29 15:46:05,67,74,6022,22992
2023-08-29 15:46:06,67,75,6022,22992
2023-08-29 15:46:06,68,75,6022,22992
2023-08-29 15:46:06,68,77,6022,22992
2023-08-29 15:46:06,68,76,6022,22992
2023-08-29 15:46:07,74,76,6022,22992
2023-08-29 15:46:07,74,77,6022,22992
2023-08-29 15:46:07,74,75,6022,22992
2023-08-29 15:46:08,67,74,6019,22995
2023-08-29 15:46:09,67,75,6019,22995
2023-08-29 15:46:09,67,73,6019,22995
2023-08-29 15:46:10,67,75,6019,22995
2023-08-29 15:46:11,67,74,6019,22995
2023-08-29 15:46:12,67,75,6019,22995
2023-08-29 15:46:12,67,73,6019,22995
2023-08-29 15:46:13,67,75,6019,22995
2023-08-29 15:46:13,67,72,6019,22995
2023-08-29 15:46:14,67,75,6019,22995
2023-08-29 15:46:15,67,74,6019,22995
2023-08-29 15:46:16,67,75,6019,22995
2023-08-29 15:46:16,67,73,6019,22995
2023-08-29 15:46:16,66,73,6019,22995
2023-08-29 15:46:17,66,74,6019,22995
2023-08-29 15:46:18,64,74,6019,22995
2023-08-29 15:46:18,65,74,6019,22995
2023-08-29 15:46:18,65,73,6019,22995
2023-08-29 15:46:20,66,73,6019,22995
2023-08-29 15:46:21,66,72,6019,22995
2023-08-29 15:46:22,66,73,6019,22995
2023-08-29 15:46:22,66,71,6019,22995
2023-08-29 15:46:23,66,73,6019,22995
2023-08-29 15:46:23,66,74,6019,22995
2023-08-29 15:46:24,66,73,6019,22995
2023-08-29 15:46:25,66,74,6019,22995
2023-08-29 15:46:25,66,72,6019,22995
2023-08-29 15:46:26,66,74,6019,22995
2023-08-29 15:46:26,66,71,6019,22995
2023-08-29 15:46:27,66,74,6019,22995
2023-08-29 15:46:28,66,73,6019,22995
2023-08-29 15:46:29,66,74,6019,22995
2023-08-29 15:46:29,66,72,6019,22995
2023-08-29 15:46:30,66,74,6019,22995
2023-08-29 15:46:30,66,71,6019,22995
2023-08-29 15:46:31,66,74,6019,22995
2023-08-29 15:46:32,66,73,6019,22995
2023-08-29 15:46:33,66,74,6019,22995
2023-08-29 15:46:34,66,73,6019,22995
2023-08-29 15:46:34,64,73,6019,22995
2023-08-29 15:46:35,64,73,6019,22995
2023-08-29 15:46:35,64,78,6019,22995
2023-08-29 15:46:35,64,72,6019,22995
2023-08-29 15:46:36,64,71,6019,22995
2023-08-29 15:46:37,64,72,6019,22995
2023-08-29 15:46:38,64,71,6019,22995
2023-08-29 15:46:39,64,72,6019,22995
2023-08-29 15:46:40,64,71,6019,22995
2023-08-29 15:46:41,64,72,6019,22995
2023-08-29 15:46:41,64,70,6019,22995
2023-08-29 15:46:42,64,72,6019,22995
2023-08-29 15:46:42,64,69,6019,22995
2023-08-29 15:46:43,64,72,6019,22995
2023-08-29 15:46:43,62,72,6019,22995
2023-08-29 15:46:43,63,72,6019,22995
2023-08-29 15:46:43,63,77,6019,22995
2023-08-29 15:46:43,63,71,6019,22995
2023-08-29 15:46:44,63,70,6019,22995
2023-08-29 15:46:45,63,71,6019,22995
2023-08-29 15:46:45,63,69,6019,22995
2023-08-29 15:46:46,63,71,6019,22995
2023-08-29 15:46:46,63,68,6019,22995
2023-08-29 15:46:46,62,68,6019,22995
2023-08-29 15:46:47,62,70,6019,22995
2023-08-29 15:46:48,60,70,6019,22995
2023-08-29 15:46:48,61,70,6019,22995
2023-08-29 15:46:48,61,75,6019,22995
2023-08-29 15:46:48,61,69,6019,22995
2023-08-29 15:46:49,61,68,6019,22995
2023-08-29 15:46:50,61,69,6019,22995
2023-08-29 15:46:50,61,67,6019,22995
2023-08-29 15:46:50,60,67,6019,22995
2023-08-29 15:46:50,62,67,6019,22995
2023-08-29 15:46:51,62,70,6019,22995
2023-08-29 15:46:52,62,69,6019,22995
2023-08-29 15:46:53,62,70,6019,22995
2023-08-29 15:46:53,62,68,6019,22995
2023-08-29 15:46:54,62,70,6019,22995
2023-08-29 15:46:54,63,70,6019,22995
2023-08-29 15:46:54,63,71,6019,22995
2023-08-29 15:46:55,63,70,6019,22995
2023-08-29 15:46:56,63,71,6019,22995
2023-08-29 15:46:56,63,69,6019,22995
2023-08-29 15:46:56,62,69,6019,22995
2023-08-29 15:46:56,64,69,6019,22995
2023-08-29 15:46:57,64,72,6019,22995
2023-08-29 15:46:57,65,72,6019,22995
2023-08-29 15:46:57,65,71,6019,22995
2023-08-29 15:46:57,65,73,6019,22995
2023-08-29 15:46:58,65,72,6019,22995
2023-08-29 15:46:58,65,71,6019,22995
2023-08-29 15:46:58,66,71,6019,22995
2023-08-29 15:46:59,66,70,6019,22995
2023-08-29 15:47:00,66,73,6019,22995
2023-08-29 15:47:00,65,73,6019,22995
2023-08-29 15:47:01,65,72,6019,22995
2023-08-29 15:47:01,65,71,6019,22995
2023-08-29 15:47:02,65,70,6019,22995
2023-08-29 15:47:02,66,70,6019,22995
2023-08-29 15:47:03,66,72,6019,22995
2023-08-29 15:47:03,66,73,6019,22995
2023-08-29 15:47:04,66,72,6019,22995
2023-08-29 15:47:04,66,71,6019,22995
2023-08-29 15:47:05,67,71,6019,22995
2023-08-29 15:47:05,67,73,6019,22995
2023-08-29 15:47:06,67,75,6019,22995
2023-08-29 15:47:07,67,74,6019,22995
2023-08-29 15:47:08,67,75,6019,22995
2023-08-29 15:47:08,67,73,6019,22995
2023-08-29 15:47:09,67,74,6019,22995
2023-08-29 15:47:10,67,73,6019,22995
2023-08-29 15:47:11,67,75,6019,22995
2023-08-29 15:47:11,68,75,6019,22995
2023-08-29 15:47:11,68,76,6019,22995
2023-08-29 15:47:12,72,76,6019,22995
2023-08-29 15:47:12,72,78,6019,22995
2023-08-29 15:47:15,72,79,6019,22995
2023-08-29 15:47:19,74,79,6019,22995
2023-08-29 15:47:19,74,80,6019,22995
2023-08-29 15:47:21,76,80,6019,22995
2023-08-29 15:47:21,76,81,6019,22995
2023-08-29 15:47:23,74,81,6019,22995
2023-08-29 15:47:23,66,81,6019,22995
2023-08-29 15:47:23,76,81,6019,22995
2023-08-29 15:47:23,76,84,6019,22995
2023-08-29 15:47:23,76,83,6019,22995
2023-08-29 15:47:23,78,83,6019,22995
2023-08-29 15:47:32,78,87,6019,22995
2023-08-29 15:47:34,77,84,6019,22995
2023-08-29 15:47:34,80,84,6019,22995
2023-08-29 15:47:36,80,87,6019,22995
2023-08-29 15:47:36,80,85,6019,22995
2023-08-29 15:47:42,80,87,6094,23070
2023-08-29 15:47:42,82,87,6094,23070
2023-08-29 15:47:42,82,86,6094,23070
2023-08-29 15:47:43,82,87,6094,23070
2023-08-29 15:47:44,83,87,6094,23070
2023-08-29 15:47:47,86,87,6094,23070
2023-08-29 15:47:47,86,87,6114,23090
2023-08-29 15:47:52,84,87,6169,23145
2023-08-29 15:47:55,82,87,6169,23145
2023-08-29 15:47:55,83,87,6169,23145
2023-08-29 15:47:59,82,87,6169,23145
2023-08-29 15:47:59,84,87,6169,23145
2023-08-29 15:48:01,82,87,6169,23145
2023-08-29 15:48:01,83,87,6169,23145
2023-08-29 15:48:07,82,87,6169,23145
2023-08-29 15:48:07,82,86,6169,23145
2023-08-29 15:48:12,82,87,6169,23145
2023-08-29 15:48:12,83,87,6169,23145
2023-08-29 15:48:18,82,87,6169,23145
2023-08-29 15:48:18,84,87,6169,23145
2023-08-29 15:48:27,82,87,6169,23145
2023-08-29 15:48:27,85,87,6169,23145
2023-08-29 15:48:38,84,87,6169,23145
2023-08-29 15:48:38,86,87,6169,23145
2023-08-29 15:48:39,84,87,6169,23145
2023-08-29 15:48:39,87,88,6169,23146
2023-08-29 15:48:52,86,88,6169,23146
2023-08-29 15:48:52,88,91,6169,23147
2023-08-29 15:49:00,86,91,6169,23147
2023-08-29 15:49:00,89,91,6169,23147
2023-08-29 15:49:03,88,91,6169,23147
2023-08-29 15:49:03,90,91,6169,23147
2023-08-29 15:49:05,90,91,6096,23220
2023-08-29 15:49:10,90,94,6096,23220
2023-08-29 15:49:15,88,94,6096,23220
2023-08-29 15:49:15,89,94,6096,23220
2023-08-29 15:49:15,89,93,6096,23220
2023-08-29 15:49:16,90,93,6096,23220
2023-08-29 15:49:20,90,93,6096,23230
2023-08-29 15:49:33,90,94,6096,23230
2023-08-29 15:49:37,90,93,6096,23230
2023-08-29 15:49:41,88,93,6096,23230
2023-08-29 15:49:41,87,93,6096,23230
2023-08-29 15:49:41,87,92,6096,23230
2023-08-29 15:49:44,88,92,6096,23230
2023-08-29 15:49:55,88,94,6096,23230
2023-08-29 15:50:00,84,94,6096,23230
2023-08-29 15:50:00,84,93,6096,23230
2023-08-29 15:50:01,79,93,6096,23230
2023-08-29 15:50:01,86,93,6096,23230
2023-08-29 15:50:04,88,93,6096,23230
2023-08-29 15:50:05,86,93,6096,23230
2023-08-29 15:50:05,90,93,6096,23230
2023-08-29 15:50:06,90,94,6096,23230
2023-08-29 15:50:11,91,94,6096,23230
2023-08-29 15:50:12,92,94,6096,23230
2023-08-29 15:50:22,91,94,6096,23230
2023-08-29 15:50:26,92,94,6096,23230
2023-08-29 15:50:42,92,94,6120,23254
2023-08-29 15:50:49,91,94,6120,23254
2023-08-29 15:50:49,90,94,6120,23254
2023-08-29 15:50:51,89,94,6120,23254
2023-08-29 15:50:53,89,93,6120,23254
2023-08-29 15:50:54,88,93,6120,23254
2023-08-29 15:50:59,89,93,6120,23254
2023-08-29 15:51:00,88,93,6120,23254
2023-08-29 15:51:00,88,94,6120,23254
2023-08-29 15:51:15,91,94,6120,23254
2023-08-29 15:51:21,92,94,6120,23254
2023-08-29 15:51:23,93,94,6120,23254
2023-08-29 15:51:31,93,94,6320,23454
2023-08-29 15:51:46,91,94,6320,23454
2023-08-29 15:51:46,92,94,6320,23454
2023-08-29 15:52:01,90,94,6320,23454
2023-08-29 15:52:01,91,94,6320,23454
2023-08-29 15:52:06,90,94,6320,23454
2023-08-29 15:52:11,88,94,6320,23454
2023-08-29 15:52:11,91,94,6320,23454
2023-08-29 15:52:12,90,94,6320,23454
2023-08-29 15:52:17,86,94,6320,23454
2023-08-29 15:52:17,89,94,6320,23454
2023-08-29 15:52:18,88,94,6320,23454
2023-08-29 15:52:24,86,94,6320,23454
2023-08-29 15:52:24,89,94,6320,23454
2023-08-29 15:52:30,90,94,6320,23454
2023-08-29 15:52:30,90,95,6370,23504
2023-08-29 15:52:31,90,96,6370,23504
2023-08-29 15:52:31,91,96,6370,23504
2023-08-29 15:52:36,89,96,6370,23504
2023-08-29 15:52:36,92,96,6370,23504
2023-08-29 15:52:41,93,96,6370,23504
2023-08-29 15:52:44,93,96,6569,23703
2023-08-29 15:52:46,91,96,6569,23703
2023-08-29 15:52:46,92,96,6569,23703
2023-08-29 15:52:47,88,96,6569,23703
2023-08-29 15:52:47,91,96,6569,23703
2023-08-29 15:52:53,88,96,6569,23703
2023-08-29 15:52:55,83,96,6569,23703
2023-08-29 15:52:55,89,96,6569,23703
2023-08-29 15:52:55,89,95,6569,23703
2023-08-29 15:52:59,86,95,6569,23703
2023-08-29 15:52:59,90,95,6569,23703
2023-08-29 15:53:07,91,95,6569,23703
2023-08-29 15:53:07,91,96,6569,23703
2023-08-29 15:53:14,88,96,6569,23703
2023-08-29 15:53:14,92,96,6569,23703
2023-08-29 15:53:17,88,96,6569,23703
2023-08-29 15:53:17,91,96,6569,23703
2023-08-29 15:53:23,92,96,6569,23703
2023-08-29 15:53:26,88,96,6569,23703
2023-08-29 15:53:26,91,96,6569,23703
2023-08-29 15:53:31,88,96,6569,23703
2023-08-29 15:53:31,92,96,6569,23703
2023-08-29 15:53:34,88,96,6569,23703
2023-08-29 15:53:34,93,96,6569,23703
2023-08-29 15:53:39,90,96,6569,23703
2023-08-29 15:53:39,94,96,6569,23703
2023-08-29 15:53:41,95,96,6569,23703
2023-08-29 15:53:47,92,96,6569,23703
2023-08-29 15:53:58,93,96,6569,23703
2023-08-29 15:54:00,92,96,6569,23703
2023-08-29 15:54:11,91,96,6569,23703
2023-08-29 15:54:17,90,96,6569,23703
2023-08-29 15:54:18,89,96,6569,23703
2023-08-29 15:54:18,89,95,6569,23703
2023-08-29 15:54:20,86,95,6569,23703
2023-08-29 15:54:20,90,96,6569,23703
2023-08-29 15:54:21,86,96,6569,23703
2023-08-29 15:54:21,91,96,6569,23703
2023-08-29 15:54:29,92,96,6569,23703
2023-08-29 15:54:30,85,96,6569,23703
2023-08-29 15:54:30,93,96,6569,23703
2023-08-29 15:54:35,94,96,6569,23703
2023-08-29 15:54:38,93,96,6569,23703
2023-08-29 15:54:43,90,96,6569,23703
2023-08-29 15:54:43,92,96,6569,23703
2023-08-29 15:54:47,90,96,6569,23703
2023-08-29 15:54:50,94,96,6569,23703
2023-08-29 15:54:50,95,96,6569,23703
2023-08-29 15:54:51,90,96,6569,23703
2023-08-29 15:54:51,93,96,6569,23703
2023-08-29 15:54:52,90,96,6569,23703
2023-08-29 15:54:59,94,99,6569,24703
2023-08-29 15:55:00,94,98,6569,24703
2023-08-29 15:55:00,87,98,6569,24703
2023-08-29 15:55:00,92,98,6569,24703
2023-08-29 15:55:00,92,97,6569,24703
2023-08-29 15:55:02,90,97,6569,24703
2023-08-29 15:55:02,93,97,6569,24703
2023-08-29 15:55:03,94,98,6569,24703
2023-08-29 15:55:04,94,99,6569,24703
2023-08-29 15:55:04,90,99,6569,24703
2023-08-29 15:55:04,92,99,6569,24703
2023-08-29 15:55:18,94,99,6569,24703
2023-08-29 15:55:20,92,99,6569,24703
2023-08-29 15:55:27,94,99,6569,24703
2023-08-29 15:55:29,92,99,6569,24703
2023-08-29 15:55:29,95,99,6569,24703
2023-08-29 15:55:45,96,99,6569,24703
2023-08-29 15:56:16,95,99,6569,24703
2023-08-29 15:56:24,92,99,6569,24703
2023-08-29 15:56:24,96,99,6569,24703
2023-08-29 15:56:32,90,99,6569,24703
2023-08-29 15:56:35,90,99,6569,24703
2023-08-29 15:56:37,93,99,6569,24703
2023-08-29 15:56:53,94,98,6569,24703
2023-08-29 15:56:53,94,99,6569,24703
2023-08-29 15:57:01,88,99,6569,24703
2023-08-29 15:57:01,95,99,6569,24703
2023-08-29 15:57:11,88,99,6569,24703
2023-08-29 15:57:16,97,99,6569,24703
2023-08-29 15:57:58,97,99,6569,24757
2023-08-29 15:58:14,97,99,6719,24907
2023-08-29 15:58:39,97,100,7066,25254
2023-08-29 15:59:28,99,100,7066,25254
2023-08-29 15:59:48,97,99,7066,25279
2023-08-29 15:59:48,98,99,7066,25279
2023-08-29 15:59:49,98,100,7066,25279
