datetime,bid,ask,open_interest,volume
2023-09-14 09:30:01,0,31,1955,2210
2023-09-14 09:30:01,0,35,1955,2210
2023-09-14 09:30:32,5,35,1955,2210
2023-09-14 09:30:47,5,36,1955,2210
2023-09-14 09:31:00,27,36,1955,2210
2023-09-14 09:31:00,27,32,1955,2210
2023-09-14 09:31:00,29,32,1955,2210
2023-09-14 09:31:02,28,31,1955,2210
2023-09-14 09:31:02,29,31,1955,2210
2023-09-14 09:31:11,28,31,1955,2210
2023-09-14 09:31:11,29,31,1955,2210
2023-09-14 09:31:15,28,31,1955,2210
2023-09-14 09:31:20,29,31,1955,2210
2023-09-14 09:31:26,29,32,1955,2210
2023-09-14 09:31:38,30,32,1955,2210
2023-09-14 09:31:41,30,33,1955,2210
2023-09-14 09:31:54,31,33,1955,2210
2023-09-14 09:32:00,30,33,1955,2210
2023-09-14 09:32:00,31,33,1955,2210
2023-09-14 09:32:02,30,33,1955,2210
2023-09-14 09:32:04,30,32,1955,2210
2023-09-14 09:32:06,29,32,1955,2210
2023-09-14 09:32:06,30,32,1955,2210
2023-09-14 09:32:11,31,32,1955,2210
2023-09-14 09:32:11,31,33,1955,2210
2023-09-14 09:32:23,30,33,1955,2210
2023-09-14 09:32:26,30,32,1955,2210
2023-09-14 09:32:50,29,32,1955,2210
2023-09-14 09:32:55,29,31,1955,2210
2023-09-14 09:33:07,29,32,1955,2210
2023-09-14 09:33:08,30,32,1955,2210
2023-09-14 09:33:13,29,32,1955,2210
2023-09-14 09:33:14,29,31,1955,2210
2023-09-14 09:33:57,29,32,1955,2210
2023-09-14 09:34:07,29,31,1955,2210
2023-09-14 09:34:11,29,32,1955,2210
2023-09-14 09:34:15,30,32,1955,2210
2023-09-14 09:34:17,30,33,1955,2210
2023-09-14 09:34:19,31,33,1955,2210
2023-09-14 09:34:41,30,33,1955,2210
2023-09-14 09:34:48,30,32,1955,2210
2023-09-14 09:34:56,30,33,1955,2210
2023-09-14 09:35:01,31,33,1955,2210
2023-09-14 09:35:31,31,32,1955,2210
2023-09-14 09:35:31,30,32,1955,2210
2023-09-14 09:35:32,30,33,1955,2210
2023-09-14 09:35:54,30,32,1955,2210
2023-09-14 09:35:55,30,33,1955,2210
2023-09-14 09:35:58,30,31,1955,2210
2023-09-14 09:36:10,29,30,2155,2410
2023-09-14 09:36:12,29,31,2155,2410
2023-09-14 09:36:13,29,32,2155,2410
2023-09-14 09:36:15,30,32,2155,2410
2023-09-14 09:36:20,29,32,2155,2410
2023-09-14 09:36:21,30,32,2155,2410
2023-09-14 09:36:23,30,32,2455,2710
2023-09-14 09:36:24,29,32,2455,2710
2023-09-14 09:36:33,30,32,2455,2710
2023-09-14 09:36:40,30,33,2455,2710
2023-09-14 09:36:43,32,33,2455,2710
2023-09-14 09:36:59,30,32,2455,2720
2023-09-14 09:37:08,29,32,2455,2720
2023-09-14 09:37:24,30,32,2455,2720
2023-09-14 09:37:27,29,32,2455,2720
2023-09-14 09:37:28,30,32,2455,2720
2023-09-14 09:37:36,29,32,2455,2720
2023-09-14 09:37:37,29,31,2455,2720
2023-09-14 09:37:45,29,30,2455,2720
2023-09-14 09:37:49,29,31,2455,2720
2023-09-14 09:37:49,29,30,2455,2720
2023-09-14 09:37:50,29,31,2455,2720
2023-09-14 09:38:01,29,30,2455,2720
2023-09-14 09:38:33,29,31,2455,2720
2023-09-14 09:38:39,30,31,2455,2720
2023-09-14 09:38:39,30,32,2455,2720
2023-09-14 09:38:39,30,31,2455,2720
2023-09-14 09:38:50,30,32,2455,2720
2023-09-14 09:38:59,30,31,2455,2720
2023-09-14 09:39:00,29,31,2455,2720
2023-09-14 09:39:14,30,31,2455,2720
2023-09-14 09:39:18,29,31,2455,2720
2023-09-14 09:39:41,29,30,2455,2720
2023-09-14 09:39:43,29,31,2455,2720
2023-09-14 09:40:12,29,30,2455,2720
2023-09-14 09:40:42,28,30,2455,2720
2023-09-14 09:40:42,28,29,2455,2720
2023-09-14 09:40:47,28,30,2455,2720
2023-09-14 09:41:03,29,30,2455,2720
2023-09-14 09:41:03,29,31,2455,2720
2023-09-14 09:41:03,29,30,2455,2720
2023-09-14 09:41:16,29,31,2455,2720
2023-09-14 09:41:26,29,30,2455,2720
2023-09-14 09:41:38,29,31,2455,2720
2023-09-14 09:41:45,29,30,2455,2720
2023-09-14 09:42:12,29,31,2455,2720
2023-09-14 09:42:19,30,31,2455,2720
2023-09-14 09:42:48,30,31,2455,2920
2023-09-14 09:42:50,30,31,2455,3120
2023-09-14 09:43:22,30,31,2455,3320
2023-09-14 09:43:39,29,31,2455,3320
2023-09-14 09:43:52,30,31,2455,3320
2023-09-14 09:44:05,30,31,2455,3520
2023-09-14 09:44:24,30,31,2455,3720
2023-09-14 09:44:29,30,33,2455,3920
2023-09-14 09:44:43,30,32,2455,3920
2023-09-14 09:44:46,30,33,2455,3920
2023-09-14 09:44:49,30,32,2455,3920
2023-09-14 09:44:57,30,31,2455,3920
2023-09-14 09:44:59,29,31,2455,3920
2023-09-14 09:45:06,29,32,2455,3920
2023-09-14 09:45:06,30,32,2455,3920
2023-09-14 09:46:02,30,31,2455,3920
2023-09-14 09:46:03,29,31,2455,3920
2023-09-14 09:46:11,29,32,2455,3920
2023-09-14 09:46:16,29,31,2455,3920
2023-09-14 09:46:27,29,32,2455,3920
2023-09-14 09:46:28,30,32,2455,3920
2023-09-14 09:46:41,30,31,2455,3920
2023-09-14 09:46:45,30,32,2455,3920
2023-09-14 09:47:13,30,33,2455,3920
2023-09-14 09:47:13,31,33,2455,3920
2023-09-14 09:49:49,32,33,2455,3920
2023-09-14 09:49:57,32,34,2455,3920
2023-09-14 09:50:13,33,34,2455,3920
2023-09-14 09:50:48,33,34,2455,4009
2023-09-14 09:50:49,33,35,2455,4120
2023-09-14 09:51:58,33,34,2455,4120
2023-09-14 09:51:59,33,35,2455,4120
2023-09-14 09:52:05,33,34,2455,4120
2023-09-14 09:52:07,33,35,2455,4120
2023-09-14 09:52:19,33,34,2455,4120
2023-09-14 09:52:24,33,35,2455,4120
2023-09-14 09:52:25,33,34,2455,4120
2023-09-14 09:52:26,33,35,2455,4120
2023-09-14 09:53:35,34,35,2455,4120
2023-09-14 09:53:35,34,35,2635,4300
2023-09-14 09:53:36,33,35,2635,4300
2023-09-14 09:53:40,34,35,2635,4300
2023-09-14 09:53:41,34,36,2635,4300
2023-09-14 09:53:41,34,36,2636,4301
2023-09-14 09:54:37,35,36,2636,4301
2023-09-14 09:54:49,35,36,2659,4856
2023-09-14 09:54:59,35,37,2659,4925
2023-09-14 09:56:49,35,37,3159,5425
2023-09-14 09:57:22,35,37,3159,5758
2023-09-14 09:57:23,36,37,3159,5758
2023-09-14 09:57:37,36,38,3159,5825
2023-09-14 09:57:53,36,38,3409,6075
2023-09-14 09:57:54,35,38,3409,6075
2023-09-14 09:59:17,35,37,3409,6075
2023-09-14 09:59:20,35,38,3409,6075
2023-09-14 09:59:21,35,37,3409,6075
2023-09-14 09:59:23,35,38,3409,6075
2023-09-14 09:59:24,35,37,3409,6075
2023-09-14 10:00:22,35,38,3409,6075
2023-09-14 10:00:44,36,38,3409,6075
2023-09-14 10:01:15,37,38,3409,6075
2023-09-14 10:01:49,37,39,3409,6275
2023-09-14 10:04:24,37,40,3409,6475
2023-09-14 10:04:25,38,40,3409,6475
2023-09-14 10:07:16,38,40,3653,6719
2023-09-14 10:07:19,39,40,3653,6719
2023-09-14 10:07:40,39,40,3653,6839
2023-09-14 10:09:54,39,41,3653,6839
2023-09-14 10:09:55,40,41,3653,6839
2023-09-14 10:09:55,40,41,3653,6899
2023-09-14 10:10:08,40,41,3653,6909
2023-09-14 10:10:10,39,41,3653,6973
2023-09-14 10:10:19,40,41,3653,6973
2023-09-14 10:10:19,40,41,3713,7033
2023-09-14 10:10:20,39,41,3713,7033
2023-09-14 10:10:23,39,40,3713,7033
2023-09-14 10:10:23,39,41,3713,7033
2023-09-14 10:10:24,39,40,3713,7033
2023-09-14 10:10:42,39,41,3713,7033
2023-09-14 10:10:42,39,40,3713,7033
2023-09-14 10:11:09,39,41,3713,7033
2023-09-14 10:11:09,39,40,3713,7033
2023-09-14 10:11:28,39,41,3713,7033
2023-09-14 10:11:28,39,40,3713,7033
2023-09-14 10:11:32,39,41,3713,7033
2023-09-14 10:11:32,39,40,3713,7033
2023-09-14 10:11:54,39,41,3713,7033
2023-09-14 10:11:54,39,40,3713,7033
2023-09-14 10:12:15,39,41,3713,7033
2023-09-14 10:12:15,39,40,3713,7033
2023-09-14 10:12:43,39,41,3713,7033
2023-09-14 10:12:43,39,40,3713,7033
2023-09-14 10:13:59,39,40,3813,7133
2023-09-14 10:30:01,38,40,3813,7133
2023-09-14 10:30:01,38,39,3813,7133
2023-09-14 10:30:03,38,40,3813,7133
2023-09-14 10:30:05,38,39,3813,7133
2023-09-14 10:30:09,38,40,3813,7133
2023-09-14 10:30:22,38,39,3813,7133
2023-09-14 10:30:24,38,40,3813,7133
2023-09-14 10:30:35,38,39,3813,7133
2023-09-14 10:30:40,38,40,3813,7133
2023-09-14 10:30:48,38,39,3813,7133
2023-09-14 10:31:05,38,40,3813,7133
2023-09-14 10:31:13,38,39,3813,7133
2023-09-14 10:31:16,38,40,3813,7133
2023-09-14 10:31:17,38,39,3813,7133
2023-09-14 10:31:19,38,40,3813,7133
2023-09-14 10:31:27,38,39,3813,7133
2023-09-14 10:31:28,37,39,3813,7133
2023-09-14 10:31:37,37,38,3813,7133
2023-09-14 10:32:02,36,38,3813,7133
2023-09-14 10:32:03,37,38,3813,7133
2023-09-14 10:32:09,36,37,3813,7353
2023-09-14 10:32:09,35,37,3813,7353
2023-09-14 10:32:10,35,38,3813,7353
2023-09-14 10:32:10,35,37,3813,7353
2023-09-14 10:32:17,35,38,3813,7353
2023-09-14 10:32:18,36,38,3813,7353
2023-09-14 10:34:04,37,38,3813,7353
2023-09-14 10:34:12,36,38,3813,7353
2023-09-14 10:34:28,37,38,3813,7353
2023-09-14 10:34:29,36,38,3813,7353
2023-09-14 10:34:30,37,38,3813,7353
2023-09-14 10:34:31,36,38,3813,7353
2023-09-14 10:34:32,37,38,3813,7353
2023-09-14 10:34:33,36,38,3813,7353
2023-09-14 10:35:14,36,37,3813,7353
2023-09-14 10:35:37,36,38,3813,7353
2023-09-14 10:35:49,36,39,3813,7353
2023-09-14 10:35:49,36,38,3813,7353
2023-09-14 10:35:53,37,38,3813,7353
2023-09-14 10:36:09,36,38,3813,7353
2023-09-14 10:36:22,37,38,3813,7353
2023-09-14 10:36:23,36,38,3813,7353
2023-09-14 10:36:27,36,39,3813,7353
2023-09-14 10:36:27,36,38,3813,7353
2023-09-14 10:36:35,36,37,3813,7353
2023-09-14 10:36:36,36,38,3813,7353
2023-09-14 10:36:37,36,37,3813,7353
2023-09-14 10:37:04,35,37,3813,7353
2023-09-14 10:37:12,35,36,3813,7353
2023-09-14 10:37:13,35,36,3932,7472
2023-09-14 10:37:33,34,36,4013,7553
2023-09-14 10:38:04,34,35,4013,7553
2023-09-14 10:38:04,33,35,4213,7753
2023-09-14 10:38:07,33,35,4332,7872
2023-09-14 10:38:09,33,34,4332,7872
2023-09-14 10:38:10,33,34,4832,8372
2023-09-14 10:38:22,32,34,4832,8372
2023-09-14 10:39:08,32,35,4832,8372
2023-09-14 10:39:14,33,35,4832,8372
2023-09-14 10:39:17,33,36,4832,8372
2023-09-14 10:39:34,34,36,4832,8372
2023-09-14 10:39:42,34,35,4832,8372
2023-09-14 10:39:43,33,35,4832,8372
2023-09-14 10:40:17,32,35,4832,8372
2023-09-14 10:40:20,32,34,4832,8372
2023-09-14 10:40:24,32,33,4832,8372
2023-09-14 10:40:37,31,33,4832,8372
2023-09-14 10:40:43,31,32,4832,8372
2023-09-14 10:40:46,30,32,4832,8372
2023-09-14 10:40:52,29,32,4832,8372
2023-09-14 10:40:52,29,31,4832,8372
2023-09-14 10:40:53,29,30,4832,8372
2023-09-14 10:40:54,28,30,4832,8372
2023-09-14 10:41:05,28,30,4892,8432
2023-09-14 10:41:07,28,29,4892,8432
2023-09-14 10:41:11,27,29,4892,8432
2023-09-14 10:41:18,27,28,4892,8432
2023-09-14 10:41:21,26,28,4892,8432
2023-09-14 10:41:40,26,29,4892,8432
2023-09-14 10:41:46,27,29,4892,8432
2023-09-14 10:42:39,27,30,4892,8432
2023-09-14 10:42:55,28,30,4892,8432
2023-09-14 10:43:24,28,29,4892,8432
2023-09-14 10:43:25,27,29,4892,8432
2023-09-14 10:43:31,26,29,4892,8432
2023-09-14 10:43:31,26,28,4892,8432
2023-09-14 10:43:33,26,28,4892,8521
2023-09-14 10:43:42,26,29,4892,8521
2023-09-14 10:43:58,26,28,4892,8521
2023-09-14 10:44:41,26,27,4892,8521
2023-09-14 10:44:42,25,27,4892,8521
2023-09-14 10:44:51,25,26,4892,8521
2023-09-14 10:44:56,24,26,4892,8521
2023-09-14 10:44:59,23,26,4892,8521
2023-09-14 10:44:59,23,25,4892,8521
2023-09-14 10:45:01,23,24,4892,8521
2023-09-14 10:45:03,22,24,4892,8521
2023-09-14 10:45:04,21,24,4892,8521
2023-09-14 10:45:04,21,23,4892,8521
2023-09-14 10:45:04,20,23,4892,8521
2023-09-14 10:45:05,20,22,4892,8521
2023-09-14 10:45:07,20,21,4892,8521
2023-09-14 10:45:09,19,21,4892,8521
2023-09-14 10:45:15,19,20,4892,8521
2023-09-14 10:45:24,20,22,4902,8531
2023-09-14 10:45:34,19,22,4902,8531
2023-09-14 10:45:40,19,21,5087,8716
2023-09-14 10:45:52,19,20,5087,8716
2023-09-14 10:45:53,18,20,5087,8716
2023-09-14 10:46:13,18,19,5087,8716
2023-09-14 10:46:20,18,20,5087,8716
2023-09-14 10:46:51,19,20,5087,8716
2023-09-14 10:47:02,18,20,5087,8716
2023-09-14 10:47:44,18,21,4687,9116
2023-09-14 10:47:49,18,20,4687,9116
2023-09-14 10:48:04,18,19,4687,9116
2023-09-14 10:48:07,18,20,4687,9116
2023-09-14 10:48:10,18,21,4687,9116
2023-09-14 10:48:17,18,20,4687,9116
2023-09-14 10:48:19,18,21,4687,9116
2023-09-14 10:48:30,19,21,4687,9116
2023-09-14 10:48:32,19,22,4687,9116
2023-09-14 10:48:33,19,21,4687,9116
2023-09-14 10:49:10,19,20,4687,9116
2023-09-14 10:49:11,18,20,4687,9116
2023-09-14 10:49:11,19,20,4687,9116
2023-09-14 10:49:18,19,21,4687,9116
2023-09-14 10:49:19,19,20,4687,9116
2023-09-14 10:49:21,19,21,4687,9116
2023-09-14 10:49:30,19,20,4687,9116
2023-09-14 10:49:39,18,20,4687,9116
2023-09-14 10:49:46,18,19,4687,9116
2023-09-14 10:49:47,17,19,4687,9116
2023-09-14 10:50:18,17,20,4687,9116
2023-09-14 10:50:19,18,20,4687,9116
2023-09-14 10:50:26,18,19,4687,9116
2023-09-14 10:50:29,17,19,4687,9116
2023-09-14 10:50:47,17,20,4687,9116
2023-09-14 10:50:55,18,20,4687,9116
2023-09-14 10:51:03,18,21,4687,9116
2023-09-14 10:51:03,18,19,4687,9116
2023-09-14 10:51:03,18,19,4887,9316
2023-09-14 10:51:14,17,19,4887,9316
2023-09-14 10:51:14,18,19,4887,9316
2023-09-14 10:51:29,18,19,4887,9666
2023-09-14 10:51:32,17,19,4887,9666
2023-09-14 10:51:37,16,19,4887,9666
2023-09-14 10:51:37,16,18,4887,9666
2023-09-14 10:51:41,16,17,4887,9666
2023-09-14 10:51:43,15,17,4887,9666
2023-09-14 10:51:46,15,16,4887,9666
2023-09-14 10:51:46,15,17,4687,9866
2023-09-14 10:51:47,15,16,4687,9866
2023-09-14 10:51:47,15,17,4487,10066
2023-09-14 10:51:48,15,16,4487,10066
2023-09-14 10:51:48,15,16,4137,10416
2023-09-14 10:51:51,15,17,4137,10416
2023-09-14 10:52:03,15,16,4137,10416
2023-09-14 10:52:16,15,17,4137,10416
2023-09-14 10:54:07,15,18,4137,10416
2023-09-14 10:54:09,15,17,4137,10416
2023-09-14 10:54:19,15,18,4137,10416
2023-09-14 10:54:23,15,17,4137,10416
2023-09-14 10:54:23,16,17,4137,10416
2023-09-14 10:54:37,15,17,4137,10416
2023-09-14 10:55:05,15,16,4137,10416
2023-09-14 10:55:07,14,16,4137,10416
2023-09-14 10:55:12,15,16,4137,10416
2023-09-14 10:55:15,15,17,4137,10416
2023-09-14 10:55:32,15,16,4137,10416
2023-09-14 10:55:39,15,17,4137,10416
2023-09-14 10:55:51,15,16,4137,10416
2023-09-14 10:56:00,15,17,4137,10416
2023-09-14 10:56:20,15,16,4137,10416
2023-09-14 10:56:22,14,16,4137,10416
2023-09-14 10:56:22,15,16,4137,10416
2023-09-14 10:56:34,15,17,4137,10416
2023-09-14 10:57:14,15,16,4137,10416
2023-09-14 10:57:16,14,16,4137,10416
2023-09-14 10:57:16,15,16,4137,10416
2023-09-14 10:57:40,15,17,4137,10416
2023-09-14 10:58:00,15,18,4137,10416
2023-09-14 10:58:00,16,18,4137,10416
2023-09-14 10:58:05,16,17,4137,10416
2023-09-14 10:58:11,16,18,4137,10416
2023-09-14 10:58:19,17,18,4137,10416
2023-09-14 10:58:23,16,18,4137,10416
2023-09-14 10:58:30,16,19,4137,10416
2023-09-14 10:58:38,17,19,4137,10416
2023-09-14 10:59:09,17,18,4137,10416
2023-09-14 10:59:11,17,19,4137,10416
2023-09-14 11:00:01,16,19,4137,10416
2023-09-14 11:00:20,17,19,4137,10416
2023-09-14 11:00:21,16,19,4137,10416
2023-09-14 11:00:29,16,18,4137,10416
2023-09-14 11:00:30,15,18,4137,10416
2023-09-14 11:00:30,15,17,4137,10416
2023-09-14 11:01:11,15,17,4137,10516
2023-09-14 11:01:24,15,16,4137,10516
2023-09-14 11:01:25,14,16,4137,10516
2023-09-14 11:01:34,14,15,4137,10516
2023-09-14 11:01:51,13,15,4137,10516
2023-09-14 11:02:02,13,14,4137,10516
2023-09-14 11:02:28,12,14,4137,10516
2023-09-14 11:02:28,13,14,4137,10516
2023-09-14 11:02:44,12,14,4137,10516
2023-09-14 11:03:23,13,14,4137,10516
2023-09-14 11:03:28,13,15,4137,10516
2023-09-14 11:03:52,14,15,4137,10516
2023-09-14 11:04:23,13,14,4137,10616
2023-09-14 11:04:24,13,15,4137,10616
2023-09-14 11:04:26,13,14,4137,10616
2023-09-14 11:04:31,12,14,4137,10616
2023-09-14 11:04:31,13,14,4137,10616
2023-09-14 11:04:37,13,15,4137,10616
2023-09-14 11:04:55,13,14,4137,10616
2023-09-14 11:05:06,12,14,4137,10616
2023-09-14 11:05:22,12,13,4137,10616
2023-09-14 11:05:47,12,13,4082,10671
2023-09-14 11:05:57,12,14,4082,10671
2023-09-14 11:06:40,11,14,4082,10671
2023-09-14 11:06:41,11,13,4082,10671
2023-09-14 11:07:02,11,12,4082,10671
2023-09-14 11:07:05,10,12,4082,10671
2023-09-14 11:07:35,10,11,4082,10671
2023-09-14 11:07:39,10,12,4082,10671
2023-09-14 11:07:44,10,11,4082,10671
2023-09-14 11:08:03,9,11,4082,10671
2023-09-14 11:08:54,9,10,4082,10671
2023-09-14 11:09:11,9,10,4082,10681
2023-09-14 11:09:13,8,10,4082,10681
2023-09-14 11:10:14,8,11,4082,10681
2023-09-14 11:10:38,8,10,4082,10681
2023-09-14 11:10:49,8,9,4082,10681
2023-09-14 11:11:06,7,9,4082,10681
2023-09-14 11:11:55,7,10,4082,10681
2023-09-14 11:11:56,8,10,4082,10681
2023-09-14 11:12:12,8,11,4082,10681
2023-09-14 11:12:13,8,10,4082,10681
2023-09-14 11:12:18,7,10,4082,10681
2023-09-14 11:12:21,7,9,4082,10681
2023-09-14 11:12:23,7,10,4082,10681
2023-09-14 11:12:25,7,9,4082,10681
2023-09-14 11:12:26,7,10,4082,10681
2023-09-14 11:12:43,8,10,4082,10681
2023-09-14 11:12:49,8,11,4082,10681
2023-09-14 11:12:53,8,10,4082,10681
2023-09-14 11:12:54,8,11,4082,10681
2023-09-14 11:12:55,8,10,4082,10681
2023-09-14 11:13:53,7,10,4082,10681
2023-09-14 11:14:06,7,9,4082,10681
2023-09-14 11:14:08,7,10,4082,10681
2023-09-14 11:14:11,8,10,4082,10681
2023-09-14 11:14:14,7,10,4082,10681
2023-09-14 11:14:21,8,10,4082,10681
2023-09-14 11:14:41,8,11,4082,10681
2023-09-14 11:15:09,9,11,4082,10681
2023-09-14 11:15:11,9,12,4082,10681
2023-09-14 11:15:19,10,12,4082,10681
2023-09-14 11:15:46,10,13,4082,10681
2023-09-14 11:15:49,11,13,4082,10681
2023-09-14 11:15:54,11,12,4082,10681
2023-09-14 11:15:54,10,12,4082,10681
2023-09-14 11:16:24,10,13,4082,10681
2023-09-14 11:16:27,11,13,4082,10681
2023-09-14 11:16:53,11,12,4082,10681
2023-09-14 11:16:54,10,12,4082,10681
2023-09-14 11:16:58,10,13,4082,10681
2023-09-14 11:17:10,10,12,4082,10681
2023-09-14 11:17:29,10,13,4082,10681
2023-09-14 11:17:32,10,12,4082,10681
2023-09-14 11:17:36,10,13,4082,10681
2023-09-14 11:17:51,10,12,4082,10681
2023-09-14 11:17:57,10,13,4082,10681
2023-09-14 11:17:59,10,12,4082,10681
2023-09-14 11:18:03,10,13,4082,10681
2023-09-14 11:18:18,10,12,4082,10681
2023-09-14 11:18:31,10,11,4082,10681
2023-09-14 11:18:33,9,11,4082,10681
2023-09-14 11:18:35,9,12,4082,10681
2023-09-14 11:18:43,10,12,4082,10681
2023-09-14 11:18:51,9,12,4082,10681
2023-09-14 11:19:00,9,11,4082,10681
2023-09-14 11:19:09,9,12,4082,10681
2023-09-14 11:19:10,9,11,4082,10681
2023-09-14 11:20:08,9,12,4082,10681
2023-09-14 11:20:20,9,11,4082,10681
2023-09-14 11:20:49,9,12,4082,10681
2023-09-14 11:20:51,10,12,4082,10681
2023-09-14 11:21:37,10,13,4082,10681
2023-09-14 11:21:43,11,13,4082,10681
2023-09-14 11:21:47,11,12,4082,10681
2023-09-14 11:21:47,10,12,4082,10681
2023-09-14 11:21:51,10,13,4082,10681
2023-09-14 11:21:52,10,12,4082,10681
2023-09-14 11:22:01,10,13,4082,10881
2023-09-14 11:22:13,11,13,4082,10881
2023-09-14 11:22:23,11,13,4082,10884
2023-09-14 11:22:26,12,13,4082,10884
2023-09-14 11:22:28,12,14,4082,10884
2023-09-14 11:23:38,11,14,4082,10884
2023-09-14 11:23:38,11,13,4082,10884
2023-09-14 11:24:19,11,12,4082,10884
2023-09-14 11:24:27,10,12,4082,10984
2023-09-14 11:25:14,10,13,4082,10984
2023-09-14 11:25:20,11,13,4082,10984
2023-09-14 11:25:44,11,14,4082,10984
2023-09-14 11:25:54,12,14,4082,10984
2023-09-14 11:26:05,12,15,4082,11484
2023-09-14 11:26:23,13,15,4082,11484
2023-09-14 11:26:29,14,15,4082,11484
2023-09-14 11:27:27,13,15,4082,11484
2023-09-14 11:28:19,12,15,4082,11484
2023-09-14 11:28:23,12,14,4082,11484
2023-09-14 11:28:33,11,14,4082,11484
2023-09-14 11:28:40,11,13,4082,11484
2023-09-14 11:28:55,11,14,4082,11484
2023-09-14 11:29:03,12,14,4082,11484
2023-09-14 11:29:16,13,14,4082,11484
2023-09-14 11:29:16,13,15,4082,11484
2023-09-14 11:29:50,14,15,4082,11484
2023-09-14 11:30:41,13,15,4082,11484
2023-09-14 11:30:58,13,14,4082,11484
2023-09-14 11:31:02,12,14,4082,11484
2023-09-14 11:31:11,12,15,4082,11484
2023-09-14 11:31:16,13,15,4082,11484
2023-09-14 11:31:50,14,15,4082,11484
2023-09-14 11:31:58,13,15,4082,11484
2023-09-14 11:32:14,14,15,4082,11484
2023-09-14 11:34:04,14,15,4282,11684
2023-09-14 11:35:01,15,16,4297,11699
2023-09-14 11:35:01,15,17,4297,11699
2023-09-14 11:35:08,14,17,4297,11699
2023-09-14 11:35:11,14,16,4297,11699
2023-09-14 11:35:24,13,16,4297,11699
2023-09-14 11:35:39,14,16,4297,11699
2023-09-14 11:35:47,14,17,4297,11699
2023-09-14 11:35:50,15,17,4297,11699
2023-09-14 11:35:57,16,17,4297,11699
2023-09-14 11:35:59,16,17,4297,11702
2023-09-14 11:36:01,16,18,4297,11702
2023-09-14 11:36:03,16,18,4297,11705
2023-09-14 11:36:39,15,18,4297,11705
2023-09-14 11:36:39,15,17,4297,11705
2023-09-14 11:36:47,15,17,4297,11708
2023-09-14 11:37:13,15,18,4297,11708
2023-09-14 11:37:16,15,17,4297,11708
2023-09-14 11:37:39,15,18,4297,11708
2023-09-14 11:37:45,15,18,4297,11711
2023-09-14 11:38:07,16,18,4297,11711
2023-09-14 11:38:13,17,18,4297,11711
2023-09-14 11:38:13,17,18,4407,11821
2023-09-14 11:38:13,17,18,4407,11824
2023-09-14 11:38:16,17,18,4467,11884
2023-09-14 11:38:21,17,18,4587,12004
2023-09-14 11:38:28,17,18,4590,12007
2023-09-14 11:38:40,16,18,4590,12007
2023-09-14 11:38:46,17,18,4590,12007
2023-09-14 11:38:53,16,18,4590,12007
2023-09-14 11:39:09,17,18,4590,12007
2023-09-14 11:39:13,17,18,4593,12010
2023-09-14 11:39:17,17,18,4596,12013
2023-09-14 11:39:48,18,19,4687,12104
2023-09-14 11:39:49,17,19,4687,12104
2023-09-14 11:39:53,18,19,4687,12104
2023-09-14 11:40:25,18,19,4887,12304
2023-09-14 11:40:33,18,19,5087,12504
2023-09-14 11:40:35,18,19,5287,12704
2023-09-14 11:40:37,18,19,5842,13259
2023-09-14 11:40:38,18,20,5842,13259
2023-09-14 11:40:56,18,20,5942,13359
2023-09-14 11:41:09,19,20,5942,13359
2023-09-14 11:41:23,19,21,6142,13559
2023-09-14 11:41:36,20,21,6142,13559
2023-09-14 11:41:37,20,22,6142,13559
2023-09-14 11:41:39,21,22,6142,13559
2023-09-14 11:41:42,21,23,6142,13559
2023-09-14 11:41:45,22,23,6142,13559
2023-09-14 11:41:53,22,24,6142,13559
2023-09-14 11:41:54,22,23,6142,13559
2023-09-14 11:41:55,22,24,6142,13559
2023-09-14 11:41:57,23,24,6142,13559
2023-09-14 11:42:06,22,24,6342,13759
2023-09-14 11:42:10,23,24,6342,13759
2023-09-14 11:42:18,25,26,6343,13760
2023-09-14 11:42:18,25,26,6343,13787
2023-09-14 11:42:19,25,26,6370,13814
2023-09-14 11:42:19,25,27,6370,13814
2023-09-14 11:42:20,26,27,6370,13814
2023-09-14 11:42:20,26,28,6370,13814
2023-09-14 11:42:20,26,27,6370,13814
2023-09-14 11:42:26,25,27,6370,13814
2023-09-14 11:42:26,25,27,6397,13841
2023-09-14 11:42:26,25,26,6397,13841
2023-09-14 11:42:27,25,26,6424,13868
2023-09-14 11:42:28,25,26,6451,13895
2023-09-14 11:42:29,25,26,6478,13922
2023-09-14 11:42:30,25,26,6505,13949
2023-09-14 11:42:31,25,26,6532,13976
2023-09-14 11:42:32,25,26,6559,14003
2023-09-14 11:42:33,25,26,6586,14030
2023-09-14 11:42:34,25,26,6613,14057
2023-09-14 11:42:48,25,27,6613,14057
2023-09-14 11:42:50,25,26,6613,14057
2023-09-14 11:42:53,25,27,6613,14057
2023-09-14 11:42:53,25,28,6399,14271
2023-09-14 11:42:54,25,27,6399,14271
2023-09-14 11:42:57,25,26,6399,14271
2023-09-14 11:43:02,24,25,6501,14373
2023-09-14 11:43:14,22,25,6701,14573
2023-09-14 11:43:21,22,25,6701,14629
2023-09-14 11:43:28,23,25,6701,14629
2023-09-14 11:43:43,22,25,6701,14629
2023-09-14 11:43:44,22,24,6701,14629
2023-09-14 11:43:45,22,25,6701,14629
2023-09-14 11:43:58,22,24,6701,14629
2023-09-14 11:44:01,22,25,6701,14629
2023-09-14 11:44:01,22,24,6701,14629
2023-09-14 11:44:05,22,25,6701,14629
2023-09-14 11:44:06,22,24,6701,14629
2023-09-14 11:44:09,22,25,6701,14629
2023-09-14 11:44:10,23,25,6701,14629
2023-09-14 11:44:19,23,24,6701,14629
2023-09-14 11:44:27,22,24,6701,14629
2023-09-14 11:44:33,22,25,6701,14629
2023-09-14 11:44:34,23,25,6701,14629
2023-09-14 11:44:35,23,24,6701,14629
2023-09-14 11:44:46,23,25,6701,14629
2023-09-14 11:45:00,22,25,6701,14629
2023-09-14 11:45:00,22,24,6701,14629
2023-09-14 11:45:01,22,25,6701,14629
2023-09-14 11:45:14,22,24,6701,14629
2023-09-14 11:45:27,21,22,6701,14826
2023-09-14 11:45:45,20,22,6701,14826
2023-09-14 11:46:00,19,22,6701,14826
2023-09-14 11:46:00,20,22,6701,14826
2023-09-14 11:46:01,19,22,6701,14826
2023-09-14 11:46:04,19,21,6701,14826
2023-09-14 11:46:04,18,21,6701,14826
2023-09-14 11:46:05,19,21,6701,14826
2023-09-14 11:46:12,18,21,6701,14826
2023-09-14 11:46:15,18,19,6701,14826
2023-09-14 11:46:30,18,19,6951,15076
2023-09-14 11:46:36,18,19,7173,15298
2023-09-14 11:47:00,18,21,7205,15330
2023-09-14 11:47:01,19,21,7205,15330
2023-09-14 11:47:02,19,22,7205,15330
2023-09-14 11:47:08,20,22,7205,15330
2023-09-14 11:47:09,21,22,7205,15330
2023-09-14 11:47:25,20,22,7205,15330
2023-09-14 11:47:43,21,22,7205,15330
2023-09-14 11:48:01,20,22,7205,15330
2023-09-14 11:48:04,21,22,7205,15330
2023-09-14 11:48:14,20,22,7205,15330
2023-09-14 11:48:22,19,22,7205,15330
2023-09-14 11:48:26,19,21,7205,15330
2023-09-14 11:48:31,20,21,7205,15330
2023-09-14 11:48:33,19,21,7205,15330
2023-09-14 11:48:34,20,21,7205,15330
2023-09-14 11:48:35,19,21,7205,15330
2023-09-14 11:48:39,20,21,7205,15330
2023-09-14 11:48:41,19,21,7205,15330
2023-09-14 11:48:53,18,21,7205,15330
2023-09-14 11:48:54,18,20,7205,15330
2023-09-14 11:49:06,18,21,7205,15330
2023-09-14 11:49:14,18,20,7205,15330
2023-09-14 11:49:20,18,19,7205,15330
2023-09-14 11:49:20,16,19,7205,15330
2023-09-14 11:49:20,17,19,7205,15330
2023-09-14 11:49:26,16,19,7386,15511
2023-09-14 11:49:26,17,19,7386,15511
2023-09-14 11:49:30,16,19,7386,15511
2023-09-14 11:49:39,16,18,7386,15511
2023-09-14 11:49:57,17,18,7386,15511
2023-09-14 11:50:00,16,18,7386,15511
2023-09-14 11:50:14,16,17,7386,15511
2023-09-14 11:50:17,15,17,7386,15511
2023-09-14 11:50:23,14,17,7386,15511
2023-09-14 11:50:23,14,16,7386,15511
2023-09-14 11:50:26,15,16,7386,15511
2023-09-14 11:50:27,14,16,7386,15511
2023-09-14 11:50:29,15,16,7386,15511
2023-09-14 11:50:32,15,17,7386,15511
2023-09-14 11:50:50,15,16,7386,15511
2023-09-14 11:50:56,14,16,7386,15511
2023-09-14 11:50:59,15,16,7386,15511
2023-09-14 11:51:00,14,16,7386,15511
2023-09-14 11:51:03,14,15,7386,15511
2023-09-14 11:51:12,14,15,7386,15711
2023-09-14 11:51:12,13,15,7386,15711
2023-09-14 11:51:12,12,15,7386,15711
2023-09-14 11:51:13,12,14,7386,15711
2023-09-14 11:51:13,13,14,7386,15711
2023-09-14 11:51:30,13,15,7386,15711
2023-09-14 11:51:30,14,15,7386,15711
2023-09-14 11:51:33,14,15,7386,15911
2023-09-14 11:51:33,13,15,7386,15911
2023-09-14 11:51:35,13,14,7386,15911
2023-09-14 11:51:41,13,15,7386,15911
2023-09-14 11:51:41,14,15,7386,15911
2023-09-14 11:51:46,13,15,7733,16258
2023-09-14 11:51:52,13,14,7733,16258
2023-09-14 11:51:53,12,14,7733,16258
2023-09-14 11:52:00,11,14,8818,17343
2023-09-14 11:52:01,11,13,8818,17343
2023-09-14 11:52:01,12,13,8818,17343
2023-09-14 11:52:02,12,13,8818,17543
2023-09-14 11:52:02,11,13,8818,17543
2023-09-14 11:52:04,12,13,8818,17543
2023-09-14 11:52:09,11,13,8818,17543
2023-09-14 11:52:11,11,12,8818,17543
2023-09-14 11:52:27,10,13,9416,18141
2023-09-14 11:52:27,10,13,9416,18243
2023-09-14 11:52:27,11,13,9416,18243
2023-09-14 11:52:27,10,13,9416,18243
2023-09-14 11:52:27,12,13,9416,18243
2023-09-14 11:52:31,11,13,9416,18243
2023-09-14 11:52:33,11,12,9416,18243
2023-09-14 11:52:39,10,12,9416,18243
2023-09-14 11:52:40,10,11,9416,18243
2023-09-14 11:52:57,10,11,9416,18443
2023-09-14 11:53:02,9,11,9425,18452
2023-09-14 11:53:18,9,11,9471,18498
2023-09-14 11:53:19,10,11,9471,18498
2023-09-14 11:54:12,9,10,9471,18685
2023-09-14 11:54:13,9,11,9471,18685
2023-09-14 11:54:14,10,11,9471,18685
2023-09-14 11:54:38,10,11,9471,18885
2023-09-14 11:54:45,9,10,9471,18960
2023-09-14 11:55:34,9,10,9471,19160
2023-09-14 11:55:57,9,10,9471,19560
2023-09-14 11:55:58,9,10,9471,19960
2023-09-14 11:55:59,9,10,9471,20360
2023-09-14 11:56:54,8,9,9471,20441
2023-09-14 11:57:53,8,9,9471,20641
2023-09-14 11:58:04,7,8,9471,20704
2023-09-14 11:59:31,6,7,9656,20992
2023-09-14 11:59:32,6,8,9868,21204
2023-09-14 11:59:51,6,7,9868,21204
2023-09-14 12:00:20,5,7,9868,21204
2023-09-14 12:00:28,6,7,9868,21204
2023-09-14 12:00:29,6,8,9868,21254
2023-09-14 12:00:41,6,9,9868,21254
2023-09-14 12:00:41,7,9,9868,21254
2023-09-14 12:00:48,7,9,9880,21266
2023-09-14 12:00:59,7,9,9880,21269
2023-09-14 12:01:09,7,9,9890,21279
2023-09-14 12:01:41,7,10,9890,21279
2023-09-14 12:01:42,7,10,9890,21282
2023-09-14 12:01:44,8,10,9890,21282
2023-09-14 12:01:58,8,9,9890,21282
2023-09-14 12:02:26,8,10,9890,21301
2023-09-14 12:02:37,8,10,9890,21304
2023-09-14 12:02:49,8,10,9890,21307
2023-09-14 12:02:53,8,11,9890,21307
2023-09-14 12:03:09,9,11,9890,21307
2023-09-14 12:03:11,9,11,9890,21310
2023-09-14 12:03:19,8,11,9890,21310
2023-09-14 12:03:26,9,11,9890,21310
2023-09-14 12:03:40,8,11,9890,21310
2023-09-14 12:04:21,9,11,9890,21310
2023-09-14 12:04:49,8,11,9890,21310
2023-09-14 12:05:06,9,11,9890,21310
2023-09-14 12:05:11,8,11,9890,21310
2023-09-14 12:05:12,8,10,9890,21310
2023-09-14 12:05:28,8,9,9890,21310
2023-09-14 12:05:30,8,10,9890,21310
2023-09-14 12:05:43,8,9,9890,21310
2023-09-14 12:05:46,8,9,9893,21313
2023-09-14 12:05:59,7,9,9893,21313
2023-09-14 12:07:15,7,10,9893,21313
2023-09-14 12:07:24,7,9,9893,21313
2023-09-14 12:07:33,7,10,9893,21313
2023-09-14 12:07:46,9,10,9893,21313
2023-09-14 12:08:10,9,11,9893,21313
2023-09-14 12:08:35,9,11,9893,21316
2023-09-14 12:09:03,9,11,9893,21319
2023-09-14 12:09:40,10,11,9893,21319
2023-09-14 12:09:43,10,12,9893,21319
2023-09-14 12:09:44,10,12,9893,21322
2023-09-14 12:09:57,11,12,9893,21322
2023-09-14 12:09:58,11,13,9893,21322
2023-09-14 12:10:07,12,13,9893,21322
2023-09-14 12:10:17,11,13,9893,21322
2023-09-14 12:10:32,12,13,9893,21322
2023-09-14 12:10:33,12,14,9893,21322
2023-09-14 12:10:36,11,14,9893,21322
2023-09-14 12:10:39,12,14,9893,21322
2023-09-14 12:10:40,11,14,9893,21322
2023-09-14 12:10:53,11,13,9893,21322
2023-09-14 12:10:55,10,13,9893,21322
2023-09-14 12:10:59,10,12,9893,21322
2023-09-14 12:11:17,9,10,10093,21522
2023-09-14 12:11:58,9,11,10143,21572
2023-09-14 12:12:02,9,12,10143,21572
2023-09-14 12:12:07,10,12,10143,21572
2023-09-14 12:12:12,10,13,10143,21572
2023-09-14 12:12:14,10,12,10143,21572
2023-09-14 12:12:17,10,13,10143,21572
2023-09-14 12:12:30,10,12,10143,21572
2023-09-14 12:12:32,10,13,10143,21572
2023-09-14 12:12:33,10,12,10143,21572
2023-09-14 12:12:38,10,13,10143,21572
2023-09-14 12:13:10,10,12,10143,21572
2023-09-14 12:13:12,10,13,10143,21572
2023-09-14 12:13:13,10,12,10143,21572
2023-09-14 12:13:21,10,12,10160,21589
2023-09-14 12:13:21,10,11,10160,21589
2023-09-14 12:13:22,9,11,10160,21589
2023-09-14 12:13:34,9,10,10160,21589
2023-09-14 12:14:07,8,9,10160,21592
2023-09-14 12:14:29,7,9,10160,21592
2023-09-14 12:14:41,7,8,10160,21592
2023-09-14 12:15:19,6,7,10157,21595
2023-09-14 12:15:23,5,7,10157,21595
2023-09-14 12:15:27,5,6,10157,21595
2023-09-14 12:15:33,4,6,10157,21595
2023-09-14 12:15:41,4,5,10157,21595
2023-09-14 12:15:42,4,6,10157,21612
2023-09-14 12:15:44,4,5,10157,21612
2023-09-14 12:15:46,3,5,10157,21612
2023-09-14 12:16:22,3,5,10510,21965
2023-09-14 12:16:23,3,4,10510,21965
2023-09-14 12:16:32,3,4,10610,22065
2023-09-14 12:16:42,3,5,10610,22065
2023-09-14 12:17:50,3,4,10610,22065
2023-09-14 12:17:59,3,5,10610,22065
2023-09-14 12:18:05,3,4,10610,22065
2023-09-14 12:18:34,3,5,10610,22065
2023-09-14 12:19:15,3,5,10610,22068
2023-09-14 12:19:55,4,5,10610,22068
2023-09-14 12:20:05,3,5,10610,22068
2023-09-14 12:20:06,3,4,10610,22068
2023-09-14 12:20:25,3,4,10610,22368
2023-09-14 12:20:26,4,5,10713,22568
2023-09-14 12:20:31,3,5,10713,22568
2023-09-14 12:20:31,4,5,10713,22568
2023-09-14 12:20:31,4,6,10713,22580
2023-09-14 12:20:32,3,6,10713,22580
2023-09-14 12:20:32,4,6,10713,22580
2023-09-14 12:20:32,5,6,10713,22580
2023-09-14 12:20:44,5,6,10713,22680
2023-09-14 12:20:46,5,7,10713,22680
2023-09-14 12:20:49,4,7,10713,22680
2023-09-14 12:20:49,5,7,10713,22680
2023-09-14 12:20:54,5,7,10713,22683
2023-09-14 12:20:55,6,7,10713,22683
2023-09-14 12:20:56,5,7,10713,22683
2023-09-14 12:21:24,5,7,10738,22708
2023-09-14 12:21:42,6,7,10738,22708
2023-09-14 12:21:43,6,8,10738,22708
2023-09-14 12:21:43,6,8,10738,22711
2023-09-14 12:21:52,6,8,10738,22714
2023-09-14 12:21:59,6,8,10738,22717
2023-09-14 12:22:18,7,8,10738,22717
2023-09-14 12:22:24,7,8,10738,22720
2023-09-14 12:22:30,6,8,10738,22720
2023-09-14 12:22:32,6,8,10738,22723
2023-09-14 12:22:33,6,8,10738,22726
2023-09-14 12:22:49,6,8,10738,22729
2023-09-14 12:22:49,6,8,10738,22732
2023-09-14 12:23:00,7,8,10738,22732
2023-09-14 12:23:00,7,8,10738,22735
2023-09-14 12:23:24,7,9,10738,22735
2023-09-14 12:23:48,7,9,10738,22738
2023-09-14 12:23:49,7,8,10738,22738
2023-09-14 12:23:49,7,8,10738,22741
2023-09-14 12:23:53,7,9,10738,22744
2023-09-14 12:23:54,7,9,10738,22747
2023-09-14 12:24:01,6,9,10738,22747
2023-09-14 12:24:01,7,9,10738,22747
2023-09-14 12:24:22,7,8,10738,22747
2023-09-14 12:24:26,7,9,10738,22747
2023-09-14 12:24:30,7,8,10738,22747
2023-09-14 12:24:31,7,9,10738,22747
2023-09-14 12:24:34,7,8,10738,22747
2023-09-14 12:24:36,7,8,10738,22750
2023-09-14 12:24:39,6,8,10738,22750
2023-09-14 12:24:54,6,9,10738,22750
2023-09-14 12:24:58,7,9,10738,22750
2023-09-14 12:24:59,8,9,10738,22750
2023-09-14 12:25:05,8,9,10738,23000
2023-09-14 12:25:06,8,10,10738,23000
2023-09-14 12:25:06,9,10,10738,23000
2023-09-14 12:25:12,9,10,10540,23198
2023-09-14 12:25:13,9,11,10540,23198
2023-09-14 12:25:40,9,11,10540,23201
2023-09-14 12:25:48,9,11,10540,23261
2023-09-14 12:26:48,9,11,10540,23264
2023-09-14 12:27:38,9,10,10540,23264
2023-09-14 12:28:10,9,11,10540,23264
2023-09-14 12:28:21,9,10,10540,23264
2023-09-14 12:28:44,8,9,10540,23270
2023-09-14 12:29:44,8,10,10540,23270
2023-09-14 12:30:16,8,9,10540,23270
2023-09-14 12:30:36,8,9,10540,23273
2023-09-14 12:31:09,7,8,10540,23276
2023-09-14 12:31:13,6,8,10540,23276
2023-09-14 12:31:35,6,7,10540,23276
2023-09-14 12:31:40,5,7,10540,23276
2023-09-14 12:32:56,5,6,10540,23276
2023-09-14 12:32:56,5,6,10536,23280
2023-09-14 12:33:06,5,7,10536,23280
2023-09-14 12:33:17,5,8,10536,23280
2023-09-14 12:33:38,6,8,10536,23280
2023-09-14 12:34:00,6,9,10536,23354
2023-09-14 12:34:05,7,9,10536,23354
2023-09-14 12:34:12,7,10,10536,23354
2023-09-14 12:34:12,8,10,10536,23354
2023-09-14 12:34:29,7,10,10536,23354
2023-09-14 12:34:45,8,10,10536,23354
2023-09-14 12:35:08,8,11,10536,23354
2023-09-14 12:35:10,8,11,10536,23357
2023-09-14 12:35:17,9,11,10536,23357
2023-09-14 12:35:23,10,11,10536,23357
2023-09-14 12:35:23,10,12,10536,23357
2023-09-14 12:35:30,10,12,10536,23690
2023-09-14 12:35:36,10,13,10536,23690
2023-09-14 12:35:36,11,13,10536,23690
2023-09-14 12:35:47,11,14,10536,23690
2023-09-14 12:35:47,12,14,10536,23690
2023-09-14 12:36:01,12,14,10536,23693
2023-09-14 12:36:10,12,14,10536,23696
2023-09-14 12:36:42,11,14,10536,23696
2023-09-14 12:36:46,11,13,10536,23696
2023-09-14 12:36:47,10,13,10536,23696
2023-09-14 12:36:47,10,13,10536,23699
2023-09-14 12:36:48,10,12,10536,23699
2023-09-14 12:36:48,10,12,10536,23702
2023-09-14 12:36:53,10,13,10536,23702
2023-09-14 12:37:22,11,13,10536,23702
2023-09-14 12:37:23,11,14,10536,23702
2023-09-14 12:37:39,11,13,10536,23702
2023-09-14 12:37:44,11,14,10536,23702
2023-09-14 12:37:47,11,13,10536,23702
2023-09-14 12:37:49,11,14,10536,23702
2023-09-14 12:37:50,11,13,10536,23702
2023-09-14 12:38:00,11,12,10536,23702
2023-09-14 12:38:00,10,12,10536,23702
2023-09-14 12:38:08,10,12,10536,23705
2023-09-14 12:38:11,9,12,10536,23705
2023-09-14 12:38:12,10,12,10536,23705
2023-09-14 12:38:13,10,12,10536,23708
2023-09-14 12:38:22,9,12,10536,23708
2023-09-14 12:38:26,9,11,10536,23708
2023-09-14 12:38:31,9,11,10536,23711
2023-09-14 12:38:41,9,12,10536,23711
2023-09-14 12:38:43,10,12,10536,23711
2023-09-14 12:38:44,10,13,10536,23711
2023-09-14 12:38:44,11,13,10536,23711
2023-09-14 12:38:45,11,14,10536,23711
2023-09-14 12:38:46,11,13,10536,23711
2023-09-14 12:38:48,11,14,10536,23711
2023-09-14 12:38:48,11,13,10536,23711
2023-09-14 12:38:53,11,14,10536,23711
2023-09-14 12:38:57,12,14,10536,23711
2023-09-14 12:39:02,11,14,10536,23711
2023-09-14 12:39:03,11,13,10536,23711
2023-09-14 12:39:22,10,13,10536,23711
2023-09-14 12:39:26,10,12,10536,23711
2023-09-14 12:39:27,10,13,10536,23711
2023-09-14 12:39:28,10,12,10536,23711
2023-09-14 12:39:31,10,13,10536,23711
2023-09-14 12:39:32,10,12,10536,23711
2023-09-14 12:39:43,9,12,10536,23711
2023-09-14 12:39:44,9,12,10536,23714
2023-09-14 12:39:45,9,11,10536,23714
2023-09-14 12:40:12,9,10,10536,23714
2023-09-14 12:40:13,8,10,10536,23714
2023-09-14 12:41:19,8,9,10536,23714
2023-09-14 12:41:23,7,9,10536,23714
2023-09-14 12:43:11,7,10,10536,23714
2023-09-14 12:43:14,8,10,10536,23714
2023-09-14 12:44:02,8,9,10536,23714
2023-09-14 12:44:07,8,10,10536,23714
2023-09-14 12:44:10,8,9,10536,23714
2023-09-14 12:44:15,7,9,10536,23714
2023-09-14 12:44:49,7,8,10536,23714
2023-09-14 12:45:27,7,9,10536,23714
2023-09-14 12:45:45,7,8,10536,23714
2023-09-14 12:45:46,7,8,10536,23717
2023-09-14 12:46:25,6,8,10536,23717
2023-09-14 12:46:49,6,8,10536,23720
2023-09-14 12:46:49,6,8,10536,23723
2023-09-14 12:49:00,6,7,10536,23723
2023-09-14 12:49:12,6,7,10536,23726
2023-09-14 12:49:21,5,7,10536,23726
2023-09-14 12:49:32,5,6,10536,23726
2023-09-14 12:49:58,4,6,10536,23726
2023-09-14 12:50:19,4,5,10536,23726
2023-09-14 12:50:39,4,6,10536,23726
2023-09-14 12:50:40,4,5,10536,23726
2023-09-14 12:50:42,4,6,10536,23726
2023-09-14 12:50:46,4,6,10537,23727
2023-09-14 12:50:47,4,5,10537,23727
2023-09-14 12:51:17,3,5,10537,23727
2023-09-14 12:52:14,3,5,10537,23730
2023-09-14 12:52:23,3,4,10537,23730
2023-09-14 12:52:23,3,4,10521,23746
2023-09-14 12:52:44,3,4,10511,23756
2023-09-14 12:56:48,3,4,10511,23757
2023-09-14 12:58:43,3,4,10394,23957
2023-09-14 13:00:34,3,5,10394,23957
2023-09-14 13:01:46,3,5,10397,23960
2023-09-14 13:02:16,3,5,10400,23963
2023-09-14 13:02:29,3,5,10403,23966
2023-09-14 13:02:32,3,5,10406,23969
2023-09-14 13:04:38,4,5,10406,23969
2023-09-14 13:10:31,3,5,10406,23969
2023-09-14 13:12:33,3,4,10406,23969
2023-09-14 13:13:01,3,5,10406,23969
2023-09-14 13:14:25,4,5,10406,23969
2023-09-14 13:15:42,4,5,10409,23972
2023-09-14 13:18:07,4,5,10509,24172
2023-09-14 13:18:07,3,5,10509,24172
2023-09-14 13:19:24,3,4,10509,24172
2023-09-14 13:20:13,3,4,10609,24272
2023-09-14 13:20:37,3,4,10609,24472
2023-09-14 13:20:57,3,4,10609,24672
2023-09-14 13:22:30,3,5,10609,24672
2023-09-14 13:26:10,3,5,10612,24675
2023-09-14 13:28:12,3,4,10612,24675
2023-09-14 13:31:09,3,4,10612,24875
2023-09-14 13:32:37,3,4,10612,24878
2023-09-14 13:35:08,3,4,10612,25078
2023-09-14 13:35:45,3,4,10612,26078
2023-09-14 13:35:53,2,3,10612,27074
2023-09-14 13:48:52,2,3,10612,27077
2023-09-14 13:56:50,3,4,10612,27078
2023-09-14 13:56:50,3,4,10612,27081
2023-09-14 13:56:52,2,4,10612,27081
2023-09-14 13:56:53,3,4,10612,27081
2023-09-14 13:57:05,3,4,10612,27084
2023-09-14 13:57:17,3,4,10612,27087
2023-09-14 13:57:35,2,4,10612,27087
2023-09-14 13:57:36,3,4,10612,27087
2023-09-14 13:57:37,3,4,10612,27090
2023-09-14 13:58:18,3,4,10612,27093
2023-09-14 13:58:29,3,4,10612,27096
2023-09-14 13:58:30,3,5,10612,27096
2023-09-14 13:58:35,3,5,10615,27099
2023-09-14 13:58:45,3,5,10618,27102
2023-09-14 13:59:00,3,5,10621,27105
2023-09-14 13:59:04,3,5,10624,27108
2023-09-14 13:59:07,3,5,10627,27111
2023-09-14 13:59:13,4,5,10627,27111
2023-09-14 13:59:28,3,5,10627,27111
2023-09-14 13:59:29,4,5,10627,27111
2023-09-14 13:59:35,3,5,10627,27111
2023-09-14 13:59:40,3,5,10630,27114
2023-09-14 13:59:41,3,5,10633,27117
2023-09-14 13:59:59,4,5,10633,27117
2023-09-14 14:00:05,4,5,10633,27120
2023-09-14 14:01:54,3,5,10633,27120
2023-09-14 14:01:54,3,4,10633,27120
2023-09-14 14:02:57,4,6,10556,27197
2023-09-14 14:02:58,3,6,10556,27197
2023-09-14 14:03:02,4,6,10556,27197
2023-09-14 14:03:03,3,6,10556,27197
2023-09-14 14:03:12,4,6,10556,27197
2023-09-14 14:03:22,3,6,10556,27197
2023-09-14 14:03:26,4,6,10556,27197
2023-09-14 14:04:07,4,6,10559,27200
2023-09-14 14:04:29,5,6,10559,27200
2023-09-14 14:04:34,5,7,10562,27203
2023-09-14 14:04:43,5,7,10565,27206
2023-09-14 14:04:49,4,7,10565,27406
2023-09-14 14:04:56,4,6,10565,27406
2023-09-14 14:05:01,4,7,10565,27406
2023-09-14 14:05:13,5,7,10565,27406
2023-09-14 14:05:53,5,6,10565,27406
2023-09-14 14:05:54,5,7,10565,27406
2023-09-14 14:05:55,5,6,10565,27406
2023-09-14 14:05:55,5,6,10565,27409
2023-09-14 14:05:56,5,7,10565,27409
2023-09-14 14:05:57,5,6,10565,27409
2023-09-14 14:05:58,5,7,10565,27409
2023-09-14 14:05:58,4,7,10565,27409
2023-09-14 14:05:59,4,6,10565,27409
2023-09-14 14:06:00,4,7,10565,27409
2023-09-14 14:06:01,4,6,10565,27409
2023-09-14 14:06:02,4,7,10565,27409
2023-09-14 14:06:03,4,6,10565,27409
2023-09-14 14:06:04,4,7,10565,27409
2023-09-14 14:06:05,4,6,10565,27409
2023-09-14 14:06:23,4,5,10565,27409
2023-09-14 14:07:17,4,5,10568,27412
2023-09-14 14:07:25,3,5,10568,27412
2023-09-14 14:08:45,4,5,10568,27412
2023-09-14 14:09:30,4,5,10568,27612
2023-09-14 14:09:50,4,5,10568,29237
2023-09-14 14:11:33,6,7,10568,29409
2023-09-14 14:11:34,4,7,10568,29409
2023-09-14 14:11:47,5,7,10568,29409
2023-09-14 14:12:01,6,7,10568,29409
2023-09-14 14:12:18,6,7,10571,29412
2023-09-14 14:13:38,5,7,10571,29412
2023-09-14 14:13:41,5,6,10571,29412
2023-09-14 14:13:41,4,6,10571,29412
2023-09-14 14:13:42,4,7,10571,29412
2023-09-14 14:13:43,4,6,10571,29412
2023-09-14 14:14:09,4,6,10574,29415
2023-09-14 14:14:09,5,6,10574,29415
2023-09-14 14:14:17,5,6,10577,29418
2023-09-14 14:14:19,5,7,10577,29418
2023-09-14 14:14:19,5,6,10577,29418
2023-09-14 14:14:20,5,7,10577,29418
2023-09-14 14:14:21,5,6,10577,29418
2023-09-14 14:14:22,5,7,10577,29418
2023-09-14 14:14:23,5,6,10577,29418
2023-09-14 14:14:24,5,7,10577,29418
2023-09-14 14:15:37,5,8,10577,29418
2023-09-14 14:15:38,6,8,10577,29418
2023-09-14 14:16:43,5,8,10577,29418
2023-09-14 14:16:49,5,7,10577,29418
2023-09-14 14:16:49,5,7,10580,29421
2023-09-14 14:16:52,5,7,10583,29424
2023-09-14 14:17:00,5,7,10586,29427
2023-09-14 14:17:20,5,8,10586,29427
2023-09-14 14:17:21,6,8,10586,29427
2023-09-14 14:17:22,6,8,10589,29430
2023-09-14 14:17:27,6,8,10592,29433
2023-09-14 14:17:28,6,8,10595,29436
2023-09-14 14:19:36,5,8,10595,29436
2023-09-14 14:21:00,5,7,10595,29436
2023-09-14 14:21:11,5,6,10595,29436
2023-09-14 14:21:31,5,6,10595,29636
2023-09-14 14:21:38,5,6,10595,29923
2023-09-14 14:21:39,5,6,10595,30123
2023-09-14 14:21:39,5,6,10595,30236
2023-09-14 14:21:57,4,6,10595,30436
2023-09-14 14:21:59,4,5,10595,30436
2023-09-14 14:22:00,4,6,10595,30436
2023-09-14 14:22:01,4,5,10595,30436
2023-09-14 14:22:02,4,6,10595,30436
2023-09-14 14:22:03,4,5,10595,30436
2023-09-14 14:22:04,4,6,10595,30436
2023-09-14 14:22:05,4,5,10595,30436
2023-09-14 14:22:06,4,6,10595,30436
2023-09-14 14:22:07,4,5,10595,30436
2023-09-14 14:22:08,4,6,10595,30436
2023-09-14 14:22:09,4,5,10595,30436
2023-09-14 14:22:10,4,6,10595,30436
2023-09-14 14:22:11,4,5,10595,30436
2023-09-14 14:22:12,4,6,10595,30436
2023-09-14 14:22:13,4,5,10595,30436
2023-09-14 14:22:14,4,6,10595,30436
2023-09-14 14:22:15,4,5,10595,30436
2023-09-14 14:22:16,4,6,10595,30436
2023-09-14 14:22:20,4,5,10595,30436
2023-09-14 14:22:21,4,6,10595,30436
2023-09-14 14:22:22,4,5,10595,30436
2023-09-14 14:22:23,4,6,10595,30436
2023-09-14 14:22:24,4,5,10595,30436
2023-09-14 14:22:25,4,6,10595,30436
2023-09-14 14:23:16,4,5,10595,30436
2023-09-14 14:23:17,4,6,10595,30436
2023-09-14 14:23:20,4,5,10595,30436
2023-09-14 14:23:21,4,6,10595,30436
2023-09-14 14:23:22,4,5,10595,30436
2023-09-14 14:23:23,4,6,10595,30436
2023-09-14 14:23:24,4,5,10595,30436
2023-09-14 14:23:25,4,6,10595,30436
2023-09-14 14:23:35,4,5,10595,30436
2023-09-14 14:23:36,4,6,10595,30436
2023-09-14 14:23:37,4,5,10595,30436
2023-09-14 14:23:38,4,6,10595,30436
2023-09-14 14:23:48,4,5,10595,30436
2023-09-14 14:23:49,4,6,10595,30436
2023-09-14 14:23:50,4,5,10595,30436
2023-09-14 14:23:51,4,6,10595,30436
2023-09-14 14:23:52,4,5,10595,30436
2023-09-14 14:23:53,4,6,10595,30436
2023-09-14 14:24:02,4,7,10595,30436
2023-09-14 14:24:03,5,6,10595,30436
2023-09-14 14:24:04,5,7,10595,30436
2023-09-14 14:24:05,5,6,10595,30436
2023-09-14 14:24:06,5,7,10595,30436
2023-09-14 14:24:07,5,6,10595,30436
2023-09-14 14:24:08,5,7,10595,30436
2023-09-14 14:24:19,6,7,10595,30436
2023-09-14 14:24:20,6,8,10595,30436
2023-09-14 14:24:20,7,8,10595,30436
2023-09-14 14:24:21,7,8,10595,30616
2023-09-14 14:24:21,6,8,10595,30636
2023-09-14 14:24:21,6,7,10595,30636
2023-09-14 14:24:45,5,7,10595,30636
2023-09-14 14:24:49,6,7,10595,30636
2023-09-14 14:24:58,7,8,10595,30656
2023-09-14 14:24:58,7,8,10595,30676
2023-09-14 14:24:59,6,8,10595,30676
2023-09-14 14:25:00,7,8,10595,30676
2023-09-14 14:26:04,7,8,10595,30876
2023-09-14 14:26:11,7,9,10595,30876
2023-09-14 14:26:14,7,8,10595,30876
2023-09-14 14:26:15,7,9,10595,30876
2023-09-14 14:26:16,7,8,10595,30876
2023-09-14 14:26:17,7,9,10595,30876
2023-09-14 14:26:18,7,8,10595,30876
2023-09-14 14:26:19,7,9,10595,30876
2023-09-14 14:26:20,7,8,10595,30876
2023-09-14 14:26:21,7,9,10595,30876
2023-09-14 14:26:22,7,8,10595,30876
2023-09-14 14:26:23,7,9,10595,30876
2023-09-14 14:26:24,7,8,10595,30876
2023-09-14 14:26:25,7,9,10595,30876
2023-09-14 14:26:26,7,8,10595,30876
2023-09-14 14:26:27,7,9,10595,30876
2023-09-14 14:26:28,7,8,10595,30876
2023-09-14 14:26:29,7,9,10595,30876
2023-09-14 14:26:30,7,8,10595,30876
2023-09-14 14:26:31,7,9,10595,30876
2023-09-14 14:26:32,7,8,10595,30876
2023-09-14 14:26:33,7,9,10595,30876
2023-09-14 14:26:34,7,8,10595,30876
2023-09-14 14:26:35,7,9,10595,30876
2023-09-14 14:26:36,7,8,10595,30876
2023-09-14 14:26:36,6,8,10595,30876
2023-09-14 14:26:36,6,8,10595,30951
2023-09-14 14:26:36,6,7,10595,30951
2023-09-14 14:26:37,6,8,10595,30951
2023-09-14 14:26:38,6,7,10595,30951
2023-09-14 14:26:39,5,7,10595,30951
2023-09-14 14:26:45,5,6,10595,30951
2023-09-14 14:26:46,5,7,10595,30951
2023-09-14 14:26:47,5,6,10595,30951
2023-09-14 14:26:48,5,7,10595,30951
2023-09-14 14:26:49,5,6,10595,30951
2023-09-14 14:26:50,5,7,10595,30951
2023-09-14 14:26:51,5,6,10595,30951
2023-09-14 14:26:52,5,7,10595,30951
2023-09-14 14:26:53,5,6,10595,30951
2023-09-14 14:26:54,5,7,10595,30951
2023-09-14 14:26:55,5,6,10595,30951
2023-09-14 14:26:56,5,7,10595,30951
2023-09-14 14:26:57,5,6,10595,30951
2023-09-14 14:26:58,5,7,10595,30951
2023-09-14 14:26:59,5,6,10595,30951
2023-09-14 14:27:00,5,7,10595,30951
2023-09-14 14:27:01,5,6,10595,30951
2023-09-14 14:27:02,5,7,10595,30951
2023-09-14 14:27:03,5,6,10595,30951
2023-09-14 14:27:04,5,7,10595,30951
2023-09-14 14:27:05,5,6,10595,30951
2023-09-14 14:27:06,5,7,10595,30951
2023-09-14 14:27:07,5,6,10595,30951
2023-09-14 14:27:08,5,7,10595,30951
2023-09-14 14:27:09,5,6,10595,30951
2023-09-14 14:27:10,5,7,10595,30951
2023-09-14 14:27:11,5,6,10595,30951
2023-09-14 14:27:12,5,7,10595,30951
2023-09-14 14:27:13,4,7,10595,30951
2023-09-14 14:27:13,4,6,10595,30951
2023-09-14 14:27:14,4,7,10595,30951
2023-09-14 14:27:15,4,6,10595,30951
2023-09-14 14:27:16,4,7,10595,30951
2023-09-14 14:27:17,4,6,10595,30951
2023-09-14 14:27:18,4,7,10595,30951
2023-09-14 14:27:19,4,6,10595,30951
2023-09-14 14:27:20,4,7,10595,30951
2023-09-14 14:27:21,4,6,10595,30951
2023-09-14 14:27:22,4,7,10595,30951
2023-09-14 14:27:23,4,6,10595,30951
2023-09-14 14:27:24,4,7,10595,30951
2023-09-14 14:27:25,4,6,10595,30951
2023-09-14 14:27:26,4,7,10595,30951
2023-09-14 14:27:27,4,6,10595,30951
2023-09-14 14:27:28,4,7,10595,30951
2023-09-14 14:27:29,4,6,10595,30951
2023-09-14 14:27:30,4,7,10595,30951
2023-09-14 14:27:31,4,6,10595,30951
2023-09-14 14:27:32,4,7,10595,30951
2023-09-14 14:27:33,4,6,10595,30951
2023-09-14 14:27:34,4,7,10595,30951
2023-09-14 14:27:35,4,6,10595,30951
2023-09-14 14:27:36,4,7,10595,30951
2023-09-14 14:27:37,4,6,10595,30951
2023-09-14 14:27:38,4,7,10595,30951
2023-09-14 14:27:42,4,6,10595,30951
2023-09-14 14:27:43,4,7,10595,30951
2023-09-14 14:27:44,4,6,10595,30951
2023-09-14 14:27:45,4,7,10595,30951
2023-09-14 14:27:46,4,6,10595,30951
2023-09-14 14:27:47,4,7,10595,30951
2023-09-14 14:27:48,4,6,10595,30951
2023-09-14 14:27:49,4,7,10595,30951
2023-09-14 14:27:50,4,6,10595,30951
2023-09-14 14:27:51,4,7,10595,30951
2023-09-14 14:27:52,4,6,10595,30951
2023-09-14 14:27:53,4,7,10595,30951
2023-09-14 14:27:54,4,6,10595,30951
2023-09-14 14:27:55,4,7,10595,30951
2023-09-14 14:27:56,4,6,10595,30951
2023-09-14 14:27:57,4,7,10595,30951
2023-09-14 14:27:58,4,6,10595,30951
2023-09-14 14:27:59,4,7,10595,30951
2023-09-14 14:28:00,4,6,10595,30951
2023-09-14 14:28:01,4,7,10595,30951
2023-09-14 14:28:02,4,6,10595,30951
2023-09-14 14:28:03,4,7,10595,30951
2023-09-14 14:28:04,4,6,10595,30951
2023-09-14 14:28:05,4,7,10595,30951
2023-09-14 14:28:06,4,6,10595,30951
2023-09-14 14:28:07,4,7,10595,30951
2023-09-14 14:28:08,4,6,10595,30951
2023-09-14 14:28:09,4,7,10595,30951
2023-09-14 14:28:11,4,6,10595,30951
2023-09-14 14:28:11,4,7,10595,30951
2023-09-14 14:28:12,4,6,10595,30951
2023-09-14 14:28:13,4,7,10595,30951
2023-09-14 14:28:17,4,6,10595,30951
2023-09-14 14:28:17,5,6,10595,30951
2023-09-14 14:28:18,5,8,10595,30951
2023-09-14 14:28:19,5,7,10595,30951
2023-09-14 14:28:19,5,8,10595,30951
2023-09-14 14:28:21,5,7,10595,30951
2023-09-14 14:28:21,5,8,10595,30951
2023-09-14 14:28:23,5,7,10595,30951
2023-09-14 14:28:24,5,8,10595,30951
2023-09-14 14:28:25,5,7,10595,30951
2023-09-14 14:28:26,5,8,10595,30951
2023-09-14 14:28:27,5,7,10595,30951
2023-09-14 14:28:28,5,8,10595,30951
2023-09-14 14:28:29,5,7,10595,30951
2023-09-14 14:28:30,5,8,10595,30951
2023-09-14 14:28:31,5,7,10595,30951
2023-09-14 14:28:32,5,8,10595,30951
2023-09-14 14:28:37,6,8,10595,30951
2023-09-14 14:28:38,5,8,10595,30951
2023-09-14 14:28:39,6,8,10595,30951
2023-09-14 14:28:43,5,8,10595,30951
2023-09-14 14:28:46,6,8,10595,30951
2023-09-14 14:29:01,6,9,10595,30951
2023-09-14 14:29:15,7,9,10595,30951
2023-09-14 14:29:30,7,8,10595,30951
2023-09-14 14:29:31,7,9,10595,30951
2023-09-14 14:29:32,7,8,10595,30951
2023-09-14 14:29:33,7,9,10595,30951
2023-09-14 14:29:34,7,8,10595,30951
2023-09-14 14:29:35,7,9,10595,30951
2023-09-14 14:29:36,7,8,10595,30951
2023-09-14 14:29:37,7,9,10595,30951
2023-09-14 14:29:38,7,8,10595,30951
2023-09-14 14:29:39,7,9,10595,30951
2023-09-14 14:29:40,7,8,10595,30951
2023-09-14 14:29:41,7,9,10595,30951
2023-09-14 14:29:43,7,8,10595,30951
2023-09-14 14:29:44,7,9,10595,30951
2023-09-14 14:29:45,7,8,10595,30951
2023-09-14 14:29:46,7,9,10595,30951
2023-09-14 14:29:47,7,8,10595,30951
2023-09-14 14:29:48,7,9,10595,30951
2023-09-14 14:29:49,7,8,10595,30951
2023-09-14 14:29:50,7,9,10595,30951
2023-09-14 14:29:51,7,8,10595,30951
2023-09-14 14:29:52,7,9,10595,30951
2023-09-14 14:29:53,7,8,10595,30951
2023-09-14 14:29:54,7,9,10595,30951
2023-09-14 14:29:55,7,8,10595,30951
2023-09-14 14:29:56,7,9,10595,30951
2023-09-14 14:29:57,7,8,10595,30951
2023-09-14 14:29:58,7,9,10595,30951
2023-09-14 14:29:59,7,8,10595,30951
2023-09-14 14:30:00,7,9,10595,30951
2023-09-14 14:30:11,8,9,10595,30951
2023-09-14 14:30:34,7,9,10595,30951
2023-09-14 14:30:34,8,9,10595,30951
2023-09-14 14:30:35,7,9,10595,30951
2023-09-14 14:30:36,7,8,10595,30951
2023-09-14 14:30:37,7,9,10595,30951
2023-09-14 14:30:38,7,8,10595,30951
2023-09-14 14:30:39,7,9,10595,30951
2023-09-14 14:30:40,7,8,10595,30951
2023-09-14 14:30:41,7,9,10595,30951
2023-09-14 14:30:42,7,8,10595,30951
2023-09-14 14:30:43,7,9,10595,30951
2023-09-14 14:30:44,7,8,10595,30951
2023-09-14 14:30:45,7,9,10595,30951
2023-09-14 14:30:46,7,8,10595,30951
2023-09-14 14:30:47,7,9,10595,30951
2023-09-14 14:30:48,7,8,10595,30951
2023-09-14 14:30:49,7,9,10595,30951
2023-09-14 14:30:50,7,8,10595,30951
2023-09-14 14:30:51,7,9,10595,30951
2023-09-14 14:31:24,7,9,10398,31151
2023-09-14 14:31:24,8,9,10398,31151
2023-09-14 14:31:24,8,10,10398,31151
2023-09-14 14:31:50,8,9,10398,31151
2023-09-14 14:31:52,7,9,10398,31151
2023-09-14 14:32:10,6,9,10398,31151
2023-09-14 14:32:11,6,8,10398,31151
2023-09-14 14:32:18,5,8,10398,31151
2023-09-14 14:32:22,5,7,10398,31151
2023-09-14 14:32:36,5,8,10398,31151
2023-09-14 14:32:41,5,7,10398,31151
2023-09-14 14:32:44,6,7,10398,31151
2023-09-14 14:32:47,5,7,10398,31151
2023-09-14 14:32:50,5,8,10398,31151
2023-09-14 14:32:51,6,8,10398,31151
2023-09-14 14:32:59,5,8,10398,31151
2023-09-14 14:33:01,5,7,10398,31151
2023-09-14 14:33:11,5,7,10198,31351
2023-09-14 14:33:13,4,7,10198,31351
2023-09-14 14:33:14,4,6,10198,31351
2023-09-14 14:33:20,4,7,10198,31351
2023-09-14 14:33:21,4,6,10198,31351
2023-09-14 14:33:59,4,7,10198,31351
2023-09-14 14:34:00,5,7,10198,31351
2023-09-14 14:34:23,4,7,10198,31351
2023-09-14 14:34:24,4,6,10198,31351
2023-09-14 14:34:25,4,7,10198,31351
2023-09-14 14:34:28,5,7,10198,31351
2023-09-14 14:34:31,4,7,10198,31351
2023-09-14 14:34:42,4,6,10198,31351
2023-09-14 14:34:52,4,7,10198,31351
2023-09-14 14:34:59,4,6,10198,31351
2023-09-14 14:35:46,4,5,10198,31351
2023-09-14 14:36:17,4,6,10198,31351
2023-09-14 14:36:33,4,5,10198,31351
2023-09-14 14:37:33,3,5,10198,31351
2023-09-14 14:38:06,3,4,10198,31351
2023-09-14 14:38:23,3,5,10198,31351
2023-09-14 14:39:25,3,4,10198,31351
2023-09-14 14:39:37,3,5,10198,31351
2023-09-14 14:41:24,3,5,10198,31371
2023-09-14 14:41:46,3,6,10198,31371
2023-09-14 14:41:49,4,6,10198,31371
2023-09-14 14:42:16,4,5,10198,31371
2023-09-14 14:42:20,3,5,10198,31371
2023-09-14 14:43:05,3,4,10198,31371
2023-09-14 14:43:15,3,4,10198,31571
2023-09-14 14:43:17,3,4,10198,31631
2023-09-14 14:43:28,3,4,10198,31831
2023-09-14 14:43:36,2,4,10198,31831
2023-09-14 14:43:38,2,3,10198,31831
2023-09-14 14:44:18,1,3,10198,31831
2023-09-14 14:46:20,2,3,10198,31831
2023-09-14 14:47:08,1,4,10198,32231
2023-09-14 14:47:26,3,4,10198,32291
2023-09-14 14:47:26,3,4,10198,32328
2023-09-14 14:47:27,3,4,10198,32381
2023-09-14 14:47:33,1,4,10198,32381
2023-09-14 14:47:41,2,4,10198,32381
2023-09-14 14:47:43,2,3,10198,32381
2023-09-14 14:52:28,1,3,10198,32831
2023-09-14 14:55:05,0,3,10198,32831
2023-09-14 14:55:07,1,3,10198,32831
2023-09-14 14:55:11,0,3,10198,32831
2023-09-14 14:55:19,1,3,10198,32831
2023-09-14 14:55:28,0,3,10198,32831
2023-09-14 14:55:54,1,3,10198,32831
2023-09-14 14:56:03,1,3,10198,32832
2023-09-14 14:57:07,0,3,10198,32832
2023-09-14 14:57:23,1,3,10198,32832
2023-09-14 14:57:40,0,3,10198,32832
2023-09-14 15:01:14,0,2,10198,32832
2023-09-14 15:01:16,0,3,10198,32832
2023-09-14 15:01:18,0,2,10198,32832
2023-09-14 15:01:22,0,3,10198,32832
2023-09-14 15:01:27,0,1,10198,32832
2023-09-14 15:06:30,0,3,10252,32886
2023-09-14 15:07:16,0,2,10252,32886
2023-09-14 15:07:16,0,3,10252,32886
2023-09-14 15:12:14,0,2,10252,32886
2023-09-14 15:12:14,0,3,10252,32886
2023-09-14 15:12:14,0,2,10252,32886
2023-09-14 15:12:15,0,3,10252,32886
2023-09-14 15:12:16,0,2,10252,32886
2023-09-14 15:12:17,0,3,10252,32886
2023-09-14 15:12:19,0,2,10252,32886
2023-09-14 15:12:20,0,3,10252,32886
2023-09-14 15:12:20,0,2,10252,32886
2023-09-14 15:12:21,0,3,10252,32886
2023-09-14 15:12:21,0,2,10252,32886
2023-09-14 15:12:22,0,3,10252,32886
2023-09-14 15:12:22,0,2,10252,32886
2023-09-14 15:12:22,0,3,10252,32886
2023-09-14 15:12:24,0,2,10252,32886
2023-09-14 15:12:25,0,3,10252,32886
2023-09-14 15:12:39,0,2,10252,32886
2023-09-14 15:12:39,0,3,10252,32886
2023-09-14 15:12:40,0,2,10252,32886
2023-09-14 15:12:41,0,3,10252,32886
2023-09-14 15:12:42,0,2,10252,32886
2023-09-14 15:12:43,0,3,10252,32886
2023-09-14 15:12:44,0,2,10252,32886
2023-09-14 15:12:45,0,3,10252,32886
2023-09-14 15:12:47,0,2,10252,32886
2023-09-14 15:12:48,0,3,10252,32886
2023-09-14 15:12:50,0,2,10252,32886
2023-09-14 15:12:51,0,3,10252,32886
2023-09-14 15:12:52,0,2,10252,32886
2023-09-14 15:12:53,0,3,10252,32886
2023-09-14 15:12:55,0,2,10252,32886
2023-09-14 15:12:55,0,3,10252,32886
2023-09-14 15:12:58,0,2,10252,32886
2023-09-14 15:12:58,0,3,10252,32886
2023-09-14 15:13:01,0,2,10252,32886
2023-09-14 15:13:02,0,3,10252,32886
2023-09-14 15:14:10,0,1,10252,32886
2023-09-14 15:17:19,1,3,10258,32892
2023-09-14 15:17:55,1,3,10458,33092
2023-09-14 15:17:58,1,3,10461,33095
2023-09-14 15:17:59,1,3,10464,33098
2023-09-14 15:18:17,1,2,10464,33098
2023-09-14 15:18:19,1,2,10467,33101
2023-09-14 15:18:19,1,3,10467,33101
2023-09-14 15:18:41,1,3,10467,33401
2023-09-14 15:23:13,1,3,10467,33541
2023-09-14 15:23:28,1,2,10467,33541
2023-09-14 15:23:30,1,3,10467,33541
2023-09-14 15:23:55,1,2,10467,33541
2023-09-14 15:24:11,1,3,10467,33541
2023-09-14 15:24:11,1,2,10467,33541
2023-09-14 15:24:17,1,3,10467,33541
2023-09-14 15:24:43,1,3,10542,33616
2023-09-14 15:27:54,1,2,10542,33616
2023-09-14 15:27:54,1,2,10542,33619
2023-09-14 15:30:06,0,2,10542,33619
2023-09-14 15:32:50,0,3,10942,34019
2023-09-14 15:33:06,1,3,10942,34019
2023-09-14 15:35:38,1,2,10942,34019
2023-09-14 15:37:57,0,2,10942,34019
2023-09-14 15:47:11,0,1,10942,34019
2023-09-14 15:50:01,1,2,10942,34022
2023-09-14 15:50:09,0,2,10942,34022
2023-09-14 15:51:14,0,1,10942,34022
2023-09-14 15:58:36,1,2,10942,34025
2023-09-14 15:58:52,1,2,10942,34040
2023-09-14 15:58:54,1,2,10942,34055
2023-09-14 15:58:55,0,2,10942,34055
2023-09-14 15:59:16,1,2,10942,34055
2023-09-14 15:59:16,1,2,10942,34095
2023-09-14 15:59:17,0,2,10942,34095
