datetime,bid,ask,open_interest,volume
2023-11-08 09:31:00,30,34,34,39
2023-11-08 09:31:00,30,31,34,39
2023-11-08 09:31:02,30,31,43,48
2023-11-08 09:31:16,28,30,111,116
2023-11-08 09:31:17,28,31,111,116
2023-11-08 09:31:18,28,31,111,116
2023-11-08 09:31:20,29,31,111,116
2023-11-08 09:31:24,30,31,111,116
2023-11-08 09:31:24,30,32,311,316
2023-11-08 09:31:27,30,33,311,316
2023-11-08 09:31:41,30,32,311,316
2023-11-08 09:31:43,30,33,311,316
2023-11-08 09:31:45,30,32,311,316
2023-11-08 09:31:48,30,33,311,316
2023-11-08 09:31:50,30,32,311,316
2023-11-08 09:31:52,30,33,311,316
2023-11-08 09:31:54,30,32,311,316
2023-11-08 09:31:56,30,32,311,436
2023-11-08 09:31:58,29,32,311,436
2023-11-08 09:32:05,30,32,311,436
2023-11-08 09:32:06,29,32,311,436
2023-11-08 09:32:08,30,32,311,436
2023-11-08 09:32:09,29,32,311,436
2023-11-08 09:32:11,29,31,311,436
2023-11-08 09:32:18,28,31,311,436
2023-11-08 09:32:25,28,30,311,436
2023-11-08 09:32:37,29,30,311,436
2023-11-08 09:32:39,28,30,311,436
2023-11-08 09:32:48,29,30,311,436
2023-11-08 09:32:51,28,30,311,436
2023-11-08 09:33:07,27,30,311,436
2023-11-08 09:33:08,27,29,311,436
2023-11-08 09:33:25,27,28,311,436
2023-11-08 09:33:29,27,29,311,436
2023-11-08 09:33:43,27,30,311,436
2023-11-08 09:33:45,27,29,311,436
2023-11-08 09:33:57,27,30,311,436
2023-11-08 09:34:02,28,30,311,436
2023-11-08 09:34:05,27,30,311,436
2023-11-08 09:34:06,27,29,311,436
2023-11-08 09:34:08,27,30,311,436
2023-11-08 09:34:09,27,29,311,436
2023-11-08 09:34:10,27,30,311,436
2023-11-08 09:34:14,27,29,311,436
2023-11-08 09:34:18,27,30,311,436
2023-11-08 09:34:20,27,29,311,436
2023-11-08 09:34:21,27,30,311,436
2023-11-08 09:34:25,27,29,311,436
2023-11-08 09:34:55,27,28,311,436
2023-11-08 09:35:01,26,28,311,436
2023-11-08 09:35:02,26,27,311,436
2023-11-08 09:35:35,26,28,311,436
2023-11-08 09:35:57,26,29,311,436
2023-11-08 09:36:01,27,29,311,436
2023-11-08 09:36:20,26,29,311,436
2023-11-08 09:36:23,27,29,311,436
2023-11-08 09:36:36,27,30,311,436
2023-11-08 09:36:37,28,30,311,436
2023-11-08 09:37:13,29,30,311,436
2023-11-08 09:37:50,29,31,311,436
2023-11-08 09:38:08,28,31,311,436
2023-11-08 09:38:14,28,30,311,436
2023-11-08 09:38:56,28,29,311,436
2023-11-08 09:38:57,27,29,311,436
2023-11-08 09:39:26,26,29,311,436
2023-11-08 09:39:27,26,28,311,436
2023-11-08 09:40:09,26,29,311,436
2023-11-08 09:40:09,27,29,311,436
2023-11-08 09:40:15,27,30,311,436
2023-11-08 09:40:16,28,30,311,436
2023-11-08 09:42:01,28,31,311,436
2023-11-08 09:42:01,29,31,311,436
2023-11-08 09:42:01,28,31,363,636
2023-11-08 09:42:02,29,31,363,636
2023-11-08 09:42:04,28,31,363,636
2023-11-08 09:42:09,28,30,363,636
2023-11-08 09:42:21,28,29,363,636
2023-11-08 09:42:22,27,29,363,636
2023-11-08 09:43:02,27,30,363,636
2023-11-08 09:43:04,28,30,363,636
2023-11-08 09:43:07,27,30,363,636
2023-11-08 09:43:21,27,29,363,636
2023-11-08 09:43:22,27,30,363,636
2023-11-08 09:43:24,27,29,363,636
2023-11-08 09:43:26,27,30,363,636
2023-11-08 09:43:31,28,30,363,636
2023-11-08 09:43:41,28,31,363,636
2023-11-08 09:43:44,29,31,363,636
2023-11-08 09:43:48,29,31,483,756
2023-11-08 09:44:08,30,31,483,756
2023-11-08 09:44:09,29,31,483,756
2023-11-08 09:44:12,30,31,483,756
2023-11-08 09:44:28,30,32,511,956
2023-11-08 09:44:41,29,32,511,956
2023-11-08 09:44:43,30,32,511,956
2023-11-08 09:44:44,29,32,511,956
2023-11-08 09:44:46,30,32,511,956
2023-11-08 09:45:01,29,32,511,956
2023-11-08 09:45:11,30,32,511,956
2023-11-08 09:45:16,29,32,511,956
2023-11-08 09:45:17,30,32,511,956
2023-11-08 09:45:29,29,32,511,956
2023-11-08 09:45:32,30,32,511,956
2023-11-08 09:45:33,29,32,511,956
2023-11-08 09:45:34,30,32,511,956
2023-11-08 09:45:35,29,32,511,956
2023-11-08 09:45:39,29,31,511,956
2023-11-08 09:46:02,29,32,511,956
2023-11-08 09:46:19,29,31,511,956
2023-11-08 09:46:32,29,32,511,956
2023-11-08 09:46:36,29,31,511,956
2023-11-08 09:46:42,29,32,511,956
2023-11-08 09:46:43,29,31,511,956
2023-11-08 09:46:56,29,30,511,956
2023-11-08 09:47:25,28,30,511,956
2023-11-08 09:47:48,28,31,511,956
2023-11-08 09:47:52,28,30,511,956
2023-11-08 09:48:02,28,31,511,956
2023-11-08 09:48:06,29,31,511,956
2023-11-08 09:48:10,28,31,511,956
2023-11-08 09:48:22,28,30,511,956
2023-11-08 09:48:25,28,31,511,956
2023-11-08 09:48:30,29,31,511,956
2023-11-08 09:48:40,28,31,511,956
2023-11-08 09:48:44,28,30,511,956
2023-11-08 09:48:45,28,31,511,956
2023-11-08 09:48:48,28,30,511,956
2023-11-08 09:49:36,28,31,511,956
2023-11-08 09:49:37,28,30,511,956
2023-11-08 09:49:54,28,31,511,956
2023-11-08 09:50:00,29,31,511,956
2023-11-08 09:50:04,28,31,511,956
2023-11-08 09:50:06,28,30,511,956
2023-11-08 09:50:29,28,31,511,956
2023-11-08 09:50:31,28,30,511,956
2023-11-08 09:50:33,28,31,511,956
2023-11-08 09:50:41,29,31,511,956
2023-11-08 09:50:49,28,31,511,956
2023-11-08 09:50:53,28,30,511,956
2023-11-08 09:50:54,28,31,511,956
2023-11-08 09:50:56,28,30,511,956
2023-11-08 09:50:59,28,31,511,956
2023-11-08 09:51:01,28,30,511,956
2023-11-08 09:51:07,28,31,511,956
2023-11-08 09:51:08,28,30,511,956
2023-11-08 09:51:10,28,31,511,956
2023-11-08 09:51:11,28,30,511,956
2023-11-08 09:51:16,28,31,511,956
2023-11-08 09:51:21,28,30,511,956
2023-11-08 09:52:42,27,30,511,956
2023-11-08 09:52:43,27,29,511,956
2023-11-08 09:52:54,27,28,511,956
2023-11-08 09:53:00,27,29,511,956
2023-11-08 09:53:00,27,28,511,956
2023-11-08 09:53:06,27,28,614,1087
2023-11-08 09:53:09,27,28,748,1221
2023-11-08 09:53:11,27,28,806,1279
2023-11-08 09:53:12,26,28,806,1279
2023-11-08 09:53:12,26,27,806,1279
2023-11-08 09:53:20,26,27,915,1388
2023-11-08 09:53:22,25,27,1006,1479
2023-11-08 09:53:22,25,26,1006,1479
2023-11-08 09:53:27,25,26,1164,1644
2023-11-08 09:53:29,25,26,1289,1769
2023-11-08 09:53:30,25,26,1459,1939
2023-11-08 09:53:41,25,26,1583,2189
2023-11-08 09:53:44,25,26,1583,2439
2023-11-08 09:53:46,25,27,1741,2674
2023-11-08 09:53:46,25,26,1741,2674
2023-11-08 09:53:50,25,26,1991,2924
2023-11-08 09:53:51,25,27,2037,2970
2023-11-08 09:53:51,25,26,2037,2970
2023-11-08 09:53:54,25,27,2283,3216
2023-11-08 09:53:55,25,26,2283,3216
2023-11-08 09:53:57,25,27,2408,3341
2023-11-08 09:55:38,25,27,2528,3461
2023-11-08 09:55:39,25,26,2528,3461
2023-11-08 09:55:47,25,27,2528,3461
2023-11-08 09:56:41,25,28,2528,3461
2023-11-08 09:56:42,26,28,2528,3461
2023-11-08 09:56:45,26,29,2528,3461
2023-11-08 09:56:47,27,29,2528,3461
2023-11-08 09:57:45,28,29,2528,3461
2023-11-08 09:57:45,28,29,2628,3561
2023-11-08 09:57:47,28,29,2688,3621
2023-11-08 09:58:02,28,30,2688,3621
2023-11-08 09:58:22,29,30,2688,3621
2023-11-08 09:58:33,29,31,2688,3621
2023-11-08 09:58:34,30,31,2688,3621
2023-11-08 09:58:37,30,32,2688,3621
2023-11-08 09:58:49,31,32,2688,3621
2023-11-08 09:58:50,30,32,2688,3621
2023-11-08 09:58:50,31,32,2688,3621
2023-11-08 09:58:51,30,32,2688,3621
2023-11-08 09:58:54,31,32,2688,3621
2023-11-08 09:58:57,30,32,2688,3621
2023-11-08 09:58:57,31,32,2688,3621
2023-11-08 09:59:02,30,32,2688,3621
2023-11-08 09:59:02,31,32,2688,3621
2023-11-08 09:59:03,30,32,2688,3621
2023-11-08 09:59:12,30,32,2688,3626
2023-11-08 10:00:01,29,32,2688,3626
2023-11-08 10:00:05,30,32,2688,3626
2023-11-08 10:00:06,29,32,2688,3626
2023-11-08 10:00:07,30,32,2688,3626
2023-11-08 10:00:35,31,32,2688,3626
2023-11-08 10:00:36,30,32,2688,3626
2023-11-08 10:00:46,31,32,2688,3626
2023-11-08 10:00:50,31,32,2688,3876
2023-11-08 10:01:04,32,33,2688,3877
2023-11-08 10:01:14,33,34,2688,3878
2023-11-08 10:01:15,32,34,2688,3878
2023-11-08 10:01:15,33,34,2688,3878
2023-11-08 10:01:19,32,34,2688,3878
2023-11-08 10:01:19,33,34,2688,3878
2023-11-08 10:01:19,32,34,2688,3878
2023-11-08 10:01:29,31,34,2688,3878
2023-11-08 10:01:32,31,33,2688,3878
2023-11-08 10:01:35,31,34,2688,3878
2023-11-08 10:01:40,32,34,2688,3878
2023-11-08 10:01:43,31,34,2688,3878
2023-11-08 10:01:44,31,33,2688,3878
2023-11-08 10:01:46,31,34,2688,3878
2023-11-08 10:01:48,32,34,2688,3878
2023-11-08 10:01:58,33,34,2688,3878
2023-11-08 10:02:01,34,35,2688,3879
2023-11-08 10:02:10,35,36,2688,3880
2023-11-08 10:03:16,35,37,2689,4081
2023-11-08 10:03:16,36,37,2689,4081
2023-11-08 10:03:46,37,38,2689,4082
2023-11-08 10:04:12,36,38,2689,4082
2023-11-08 10:04:12,37,38,2689,4082
2023-11-08 10:04:40,36,38,2689,4082
2023-11-08 10:04:40,37,38,2689,4082
2023-11-08 10:05:17,37,39,2690,4293
2023-11-08 10:05:18,38,39,2690,4293
2023-11-08 10:05:39,36,39,2690,4293
2023-11-08 10:05:39,38,39,2690,4293
2023-11-08 10:05:40,36,39,2690,4293
2023-11-08 10:05:40,38,39,2690,4293
2023-11-08 10:05:41,38,39,2580,4493
2023-11-08 10:05:41,36,39,2580,4493
2023-11-08 10:05:41,37,39,2580,4493
2023-11-08 10:05:47,37,38,2580,4493
2023-11-08 10:05:59,36,38,2580,4493
2023-11-08 10:06:09,37,38,2580,4493
2023-11-08 10:06:18,36,38,2580,4493
2023-11-08 10:06:19,37,38,2580,4493
2023-11-08 10:06:21,36,38,2580,4493
2023-11-08 10:06:32,36,37,2580,4493
2023-11-08 10:06:33,36,38,2580,4493
2023-11-08 10:06:51,36,37,2580,4493
2023-11-08 10:06:53,35,37,2580,4493
2023-11-08 10:07:03,36,37,2580,4493
2023-11-08 10:07:04,35,37,2580,4493
2023-11-08 10:07:04,36,37,2580,4493
2023-11-08 10:07:05,35,37,2580,4493
2023-11-08 10:07:08,36,37,2580,4493
2023-11-08 10:07:10,35,37,2580,4493
2023-11-08 10:07:10,36,37,2580,4493
2023-11-08 10:07:11,35,37,2580,4493
2023-11-08 10:07:11,36,37,2580,4493
2023-11-08 10:07:13,35,37,2580,4493
2023-11-08 10:07:15,36,37,2580,4493
2023-11-08 10:07:16,36,38,2580,4493
2023-11-08 10:07:36,35,38,2580,4493
2023-11-08 10:07:37,35,37,2580,4493
2023-11-08 10:07:43,35,38,2580,4493
2023-11-08 10:07:44,35,37,2580,4493
2023-11-08 10:07:45,35,38,2580,4493
2023-11-08 10:07:46,35,37,2580,4493
2023-11-08 10:08:47,35,36,2580,4493
2023-11-08 10:08:50,34,36,2580,4493
2023-11-08 10:09:10,34,35,2580,4493
2023-11-08 10:10:03,34,35,2580,4553
2023-11-08 10:10:04,33,35,2580,4553
2023-11-08 10:10:04,33,34,2580,4553
2023-11-08 10:10:26,33,35,2580,4553
2023-11-08 10:10:27,33,34,2580,4553
2023-11-08 10:10:31,33,35,2580,4553
2023-11-08 10:10:32,33,34,2580,4553
2023-11-08 10:10:48,33,35,2580,4553
2023-11-08 10:10:48,33,34,2580,4553
2023-11-08 10:10:50,33,35,2580,4553
2023-11-08 10:10:55,33,34,2580,4553
2023-11-08 10:10:59,33,35,2580,4553
2023-11-08 10:10:59,33,34,2580,4553
2023-11-08 10:11:07,33,35,2580,4553
2023-11-08 10:11:09,33,34,2580,4553
2023-11-08 10:11:21,33,35,2580,4553
2023-11-08 10:11:21,33,34,2580,4553
2023-11-08 10:11:24,33,35,2580,4553
2023-11-08 10:11:24,33,34,2580,4553
2023-11-08 10:11:25,33,35,2580,4553
2023-11-08 10:11:32,34,35,2580,4553
2023-11-08 10:11:38,34,36,2580,4553
2023-11-08 10:11:46,34,35,2580,4553
2023-11-08 10:11:47,34,36,2580,4553
2023-11-08 10:11:52,34,35,2580,4553
2023-11-08 10:11:53,34,36,2580,4553
2023-11-08 10:11:56,35,36,2580,4553
2023-11-08 10:11:56,35,37,2580,4553
2023-11-08 10:12:27,35,36,2580,4553
2023-11-08 10:12:39,34,36,2580,4553
2023-11-08 10:12:48,34,35,2580,4553
2023-11-08 10:13:17,34,36,2580,4553
2023-11-08 10:13:22,35,36,2580,4553
2023-11-08 10:13:23,35,37,2580,4553
2023-11-08 10:13:23,35,36,2580,4553
2023-11-08 10:13:24,35,37,2580,4553
2023-11-08 10:13:24,35,36,2580,4553
2023-11-08 10:13:42,35,37,2580,4553
2023-11-08 10:13:42,34,35,2750,4753
2023-11-08 10:13:45,34,35,3000,5003
2023-11-08 10:13:46,34,35,3250,5253
2023-11-08 10:13:47,34,35,3500,5503
2023-11-08 10:13:59,34,35,3700,5703
2023-11-08 10:13:59,34,37,3700,5703
2023-11-08 10:13:59,35,37,3700,5703
2023-11-08 10:14:10,35,36,3700,5703
2023-11-08 10:14:32,35,36,3900,5903
2023-11-08 10:15:08,35,36,4100,6103
2023-11-08 10:15:13,35,36,4300,6303
2023-11-08 10:15:19,35,37,4300,6303
2023-11-08 10:15:22,36,37,4300,6303
2023-11-08 10:15:24,36,38,4300,6303
2023-11-08 10:15:27,37,38,4300,6303
2023-11-08 10:15:30,36,37,4300,6416
2023-11-08 10:18:58,37,38,4437,6553
2023-11-08 10:19:18,36,37,4252,6738
2023-11-08 10:19:19,36,38,4252,6738
2023-11-08 10:19:19,37,38,4252,6738
2023-11-08 10:19:30,36,38,4252,6738
2023-11-08 10:19:30,37,38,4252,6738
2023-11-08 10:19:32,36,38,4252,6738
2023-11-08 10:19:32,37,38,4252,6738
2023-11-08 10:19:47,36,37,4151,6839
2023-11-08 10:19:48,36,38,4151,6839
2023-11-08 10:20:00,37,38,4151,6839
2023-11-08 10:20:01,36,38,4151,6839
2023-11-08 10:20:06,37,38,4151,6839
2023-11-08 10:20:07,36,38,4151,6839
2023-11-08 10:20:08,37,38,4151,6839
2023-11-08 10:20:35,36,38,4151,6839
2023-11-08 10:20:35,37,38,4151,6839
2023-11-08 10:20:50,37,39,4151,6839
2023-11-08 10:20:50,38,39,4151,6839
2023-11-08 10:21:21,39,40,4151,6840
2023-11-08 10:23:13,38,40,4151,6840
2023-11-08 10:23:13,39,40,4151,6840
2023-11-08 10:23:14,38,40,4151,6840
2023-11-08 10:23:14,39,40,4151,6840
2023-11-08 10:23:39,38,40,4151,6840
2023-11-08 10:23:43,39,40,4151,6840
2023-11-08 10:24:27,38,40,4151,6840
2023-11-08 10:24:27,39,40,4151,6840
2023-11-08 10:24:42,38,40,4151,6840
2023-11-08 10:24:42,39,40,4151,6840
2023-11-08 10:25:00,38,40,4151,6840
2023-11-08 10:25:00,39,40,4151,6840
2023-11-08 10:25:58,38,40,4151,6840
2023-11-08 10:25:58,39,40,4151,6840
2023-11-08 10:26:34,40,41,4151,6841
2023-11-08 10:26:36,39,41,4151,6841
2023-11-08 10:26:36,40,41,4151,6841
2023-11-08 10:26:39,39,41,4151,6841
2023-11-08 10:26:39,40,41,4151,6841
2023-11-08 10:28:08,39,41,4151,6841
2023-11-08 10:28:08,40,41,4151,6841
2023-11-08 10:30:39,38,41,4151,6841
2023-11-08 10:30:39,39,41,4151,6841
2023-11-08 10:30:41,38,41,4151,6841
2023-11-08 10:30:41,39,41,4151,6841
2023-11-08 10:30:45,40,41,4151,6841
2023-11-08 10:30:47,39,41,4151,6841
2023-11-08 10:30:47,40,41,4151,6841
2023-11-08 10:30:50,39,41,4151,6841
2023-11-08 10:30:50,40,41,4151,6841
2023-11-08 10:31:25,39,41,4151,6841
2023-11-08 10:31:25,40,41,4151,6841
2023-11-08 10:31:30,39,41,4151,6841
2023-11-08 10:31:30,40,41,4151,6841
2023-11-08 10:31:33,39,41,4151,6841
2023-11-08 10:31:33,40,41,4151,6841
2023-11-08 10:32:10,39,40,3980,7012
2023-11-08 10:32:11,39,41,3980,7012
2023-11-08 10:32:17,40,41,3980,7012
2023-11-08 10:32:30,39,41,3980,7012
2023-11-08 10:32:30,40,41,3980,7012
2023-11-08 10:33:21,39,41,3980,7012
2023-11-08 10:33:21,40,41,3980,7012
2023-11-08 10:34:24,39,41,3980,7012
2023-11-08 10:34:24,40,41,3980,7012
2023-11-08 10:35:19,40,41,4180,7212
2023-11-08 10:36:34,39,41,4180,7212
2023-11-08 10:36:45,40,41,4180,7212
2023-11-08 10:37:11,39,41,4180,7212
2023-11-08 10:37:11,40,41,4180,7212
2023-11-08 10:37:50,39,41,4180,7212
2023-11-08 10:37:53,40,41,4180,7212
2023-11-08 10:37:54,39,41,4180,7212
2023-11-08 10:37:54,40,41,4180,7212
2023-11-08 10:37:55,39,41,4180,7212
2023-11-08 10:38:12,40,41,4180,7212
2023-11-08 10:39:12,40,41,4380,7412
2023-11-08 10:39:57,40,41,4480,7512
2023-11-08 10:40:48,40,41,5480,8512
2023-11-08 10:40:58,40,42,5981,9013
2023-11-08 10:40:58,41,42,5981,9013
2023-11-08 10:41:43,40,42,5981,9013
2023-11-08 10:41:43,41,42,5981,9013
2023-11-08 10:42:03,40,42,5981,9013
2023-11-08 10:42:03,41,42,5981,9013
2023-11-08 10:42:56,39,42,5981,9013
2023-11-08 10:42:56,41,42,5981,9013
2023-11-08 10:42:57,39,41,5809,9202
2023-11-08 10:42:57,40,41,5809,9202
2023-11-08 10:43:02,40,42,5809,9202
2023-11-08 10:43:36,39,42,5809,9202
2023-11-08 10:43:36,41,42,5809,9202
2023-11-08 10:43:36,39,42,5963,9356
2023-11-08 10:43:36,40,42,5963,9356
2023-11-08 10:43:53,41,42,5963,9356
2023-11-08 10:44:09,40,42,5963,9356
2023-11-08 10:44:09,41,42,5963,9356
2023-11-08 10:44:37,40,42,5963,9356
2023-11-08 10:44:37,41,42,5963,9356
2023-11-08 10:44:44,40,42,5963,9356
2023-11-08 10:44:47,41,42,5963,9356
2023-11-08 10:44:49,40,42,5963,9356
2023-11-08 10:44:50,41,42,5963,9356
2023-11-08 10:44:52,40,42,5963,9356
2023-11-08 10:45:02,41,42,5963,9356
2023-11-08 10:45:04,40,42,5963,9356
2023-11-08 10:45:05,41,42,5963,9356
2023-11-08 10:45:06,40,42,5963,9356
2023-11-08 10:45:06,41,42,5963,9356
2023-11-08 10:45:14,40,42,5963,9356
2023-11-08 10:45:26,41,42,5963,9356
2023-11-08 10:45:28,40,42,5963,9356
2023-11-08 10:45:28,41,42,5963,9356
2023-11-08 10:45:33,40,42,5963,9356
2023-11-08 10:45:41,40,41,5963,9356
2023-11-08 10:45:45,40,42,5963,9356
2023-11-08 10:45:50,41,42,5963,9356
2023-11-08 10:46:00,40,42,5963,9356
2023-11-08 10:46:01,41,42,5963,9356
2023-11-08 10:46:02,40,42,5963,9356
2023-11-08 10:46:02,41,42,5963,9356
2023-11-08 10:46:02,40,42,5963,9356
2023-11-08 10:46:11,41,42,5963,9356
2023-11-08 10:46:20,40,42,5963,9356
2023-11-08 10:46:20,41,42,5963,9356
2023-11-08 10:47:15,40,42,5963,9356
2023-11-08 10:47:15,41,42,5963,9356
2023-11-08 10:47:16,40,42,5963,9356
2023-11-08 10:47:16,41,42,5963,9356
2023-11-08 10:47:17,40,42,5963,9356
2023-11-08 10:47:19,41,42,5963,9356
2023-11-08 10:47:21,40,42,5963,9356
2023-11-08 10:47:23,41,42,5963,9356
2023-11-08 10:47:24,40,42,5963,9356
2023-11-08 10:47:35,41,42,5963,9356
2023-11-08 10:47:41,40,42,5963,9356
2023-11-08 10:47:42,41,42,5963,9356
2023-11-08 10:47:44,40,42,5963,9356
2023-11-08 10:47:45,41,42,5963,9356
2023-11-08 10:47:46,40,42,5963,9356
2023-11-08 10:47:46,41,42,5963,9356
2023-11-08 10:47:48,40,42,5963,9356
2023-11-08 10:47:51,41,42,5963,9356
2023-11-08 10:48:06,40,42,5963,9356
2023-11-08 10:48:09,41,42,5963,9356
2023-11-08 10:48:37,40,42,5963,9356
2023-11-08 10:48:47,40,41,5963,9356
2023-11-08 10:48:56,40,42,5963,9356
2023-11-08 10:49:18,41,42,5963,9356
2023-11-08 10:49:27,40,42,5963,9356
2023-11-08 10:49:27,41,42,5963,9356
2023-11-08 10:49:49,40,42,5963,9356
2023-11-08 10:49:50,41,42,5963,9356
2023-11-08 10:49:52,40,42,5963,9356
2023-11-08 10:50:10,40,41,5963,9356
2023-11-08 10:50:10,39,41,5963,9356
2023-11-08 10:50:10,40,41,5963,9356
2023-11-08 10:50:23,39,41,5963,9356
2023-11-08 10:50:24,40,41,5963,9356
2023-11-08 10:50:26,40,42,5963,9356
2023-11-08 10:50:40,41,42,5963,9356
2023-11-08 10:53:01,42,43,5964,9357
2023-11-08 10:54:10,42,43,6024,9417
2023-11-08 10:54:51,43,44,6025,9418
2023-11-08 10:55:03,43,44,6085,9478
2023-11-08 10:55:09,42,44,6085,9478
2023-11-08 10:55:09,43,44,6085,9478
2023-11-08 10:55:21,43,44,6205,9598
2023-11-08 10:55:21,42,44,6205,9598
2023-11-08 10:55:22,43,44,6205,9598
2023-11-08 10:55:23,42,44,6205,9598
2023-11-08 10:55:23,43,44,6205,9598
2023-11-08 10:55:24,42,44,6205,9598
2023-11-08 10:55:24,43,44,6205,9598
2023-11-08 10:55:25,42,44,6205,9598
2023-11-08 10:55:26,43,44,6205,9598
2023-11-08 10:55:29,42,44,6205,9598
2023-11-08 10:55:30,43,44,6205,9598
2023-11-08 10:55:31,42,44,6205,9598
2023-11-08 10:55:33,42,43,6205,9598
2023-11-08 10:55:44,41,43,6205,9598
2023-11-08 10:55:44,42,43,6205,9598
2023-11-08 10:55:45,41,43,6205,9598
2023-11-08 10:55:49,42,43,6205,9598
2023-11-08 10:55:50,41,43,6205,9598
2023-11-08 10:56:27,42,43,6205,9598
2023-11-08 10:56:32,42,44,6205,9598
2023-11-08 10:56:44,41,44,6205,9598
2023-11-08 10:56:44,42,44,6205,9598
2023-11-08 10:57:02,43,44,6205,9598
2023-11-08 10:57:03,42,44,6205,9598
2023-11-08 10:57:03,43,44,6205,9598
2023-11-08 10:57:06,42,44,6205,9598
2023-11-08 10:57:45,43,44,6205,9598
2023-11-08 11:01:12,42,44,6205,9598
2023-11-08 11:01:22,43,44,6205,9598
2023-11-08 11:03:16,42,44,6205,9598
2023-11-08 11:07:07,42,43,6205,9598
2023-11-08 11:07:38,43,44,6205,9873
2023-11-08 11:10:41,42,44,6205,9873
2023-11-08 11:11:30,43,44,6205,9873
2023-11-08 11:11:48,42,44,6205,9873
2023-11-08 11:11:58,43,44,6205,9873
2023-11-08 11:12:05,42,44,6205,9873
2023-11-08 11:12:32,42,43,6205,9873
2023-11-08 11:12:48,42,44,6205,9950
2023-11-08 11:14:26,43,44,6205,9950
2023-11-08 11:14:37,42,44,6205,9950
2023-11-08 11:14:41,43,44,6205,9950
2023-11-08 11:14:50,42,44,6205,9950
2023-11-08 11:16:17,42,43,6205,9950
2023-11-08 11:16:18,42,44,6205,9950
2023-11-08 11:16:19,42,43,6205,9950
2023-11-08 11:16:22,41,43,6205,9950
2023-11-08 11:16:22,41,42,6205,9950
2023-11-08 11:16:25,41,43,6255,10000
2023-11-08 11:16:27,41,44,6255,10000
2023-11-08 11:16:36,42,44,6255,10000
2023-11-08 11:17:20,41,44,6255,10000
2023-11-08 11:17:21,41,43,6255,10000
2023-11-08 11:17:31,41,42,6255,10000
2023-11-08 11:17:32,41,43,6255,10000
2023-11-08 11:17:34,41,42,6255,10000
2023-11-08 11:17:35,41,43,6255,10000
2023-11-08 11:17:36,41,42,6255,10000
2023-11-08 11:17:37,41,43,6255,10000
2023-11-08 11:17:38,41,42,6255,10000
2023-11-08 11:17:40,41,43,6255,10000
2023-11-08 11:17:40,41,42,6255,10000
2023-11-08 11:17:40,41,43,6255,10000
2023-11-08 11:17:41,41,42,6255,10000
2023-11-08 11:17:44,41,42,6255,10100
2023-11-08 11:17:46,41,43,6255,10100
2023-11-08 11:17:52,41,42,6255,10100
2023-11-08 11:18:00,41,43,6255,10100
2023-11-08 11:18:26,41,42,6255,10100
2023-11-08 11:18:50,41,43,6255,10100
2023-11-08 11:19:06,41,44,6255,10100
2023-11-08 11:19:16,41,43,6255,10100
2023-11-08 11:20:11,41,44,6255,10100
2023-11-08 11:20:17,41,43,6255,10100
2023-11-08 11:20:19,41,44,6255,10100
2023-11-08 11:20:27,42,44,6255,10100
2023-11-08 11:21:16,43,44,6255,10100
2023-11-08 11:21:41,44,45,6256,10101
2023-11-08 11:22:18,43,45,6256,10101
2023-11-08 11:22:56,44,45,6256,10101
2023-11-08 11:24:40,45,46,6257,10102
2023-11-08 11:24:40,45,46,6258,10103
2023-11-08 11:24:40,45,47,6258,10103
2023-11-08 11:28:06,45,46,6258,10103
2023-11-08 11:28:06,44,46,6258,10103
2023-11-08 11:29:29,44,47,6258,10103
2023-11-08 11:29:50,44,46,6258,10103
2023-11-08 11:29:51,44,47,6258,10103
2023-11-08 11:29:52,44,46,6258,10103
2023-11-08 11:29:54,44,47,6258,10103
2023-11-08 11:30:05,45,47,6258,10103
2023-11-08 11:31:19,44,47,6258,10103
2023-11-08 11:31:32,44,46,6258,10103
2023-11-08 11:31:35,44,45,6258,10103
2023-11-08 11:31:37,44,46,6258,10103
2023-11-08 11:31:42,44,45,6258,10103
2023-11-08 11:31:44,44,46,6258,10103
2023-11-08 11:32:10,44,47,6258,10103
2023-11-08 11:32:33,45,47,6258,10103
2023-11-08 11:32:53,44,47,6258,10103
2023-11-08 11:33:12,45,47,6258,10103
2023-11-08 11:35:29,44,47,6258,10103
2023-11-08 11:35:43,44,46,6258,10103
2023-11-08 11:36:12,44,47,6258,10103
2023-11-08 11:36:43,45,47,6258,10103
2023-11-08 11:36:54,44,47,6258,10103
2023-11-08 11:37:01,44,46,6258,10103
2023-11-08 11:37:42,44,45,6258,10103
2023-11-08 11:37:43,44,45,6318,10163
2023-11-08 11:37:44,43,45,6318,10163
2023-11-08 11:37:57,43,46,6318,10163
2023-11-08 11:38:01,43,45,6318,10163
2023-11-08 11:38:03,43,46,6318,10163
2023-11-08 11:38:14,43,45,6318,10163
2023-11-08 11:38:15,43,46,6318,10163
2023-11-08 11:39:09,44,46,6318,10163
2023-11-08 11:39:09,44,47,6318,10163
2023-11-08 11:39:22,45,47,6318,10163
2023-11-08 11:39:35,46,47,6318,10163
2023-11-08 11:42:00,45,47,6318,10163
2023-11-08 11:42:02,44,47,6318,10163
2023-11-08 11:42:02,44,46,6318,10163
2023-11-08 11:42:18,44,47,6318,10163
2023-11-08 11:42:21,45,47,6318,10163
2023-11-08 11:42:36,46,47,6318,10163
2023-11-08 11:43:15,45,47,6318,10163
2023-11-08 11:43:36,44,47,6318,10163
2023-11-08 11:43:37,44,46,6318,10163
2023-11-08 11:43:41,44,47,6318,10163
2023-11-08 11:43:53,44,46,6318,10163
2023-11-08 11:44:51,44,45,6318,10163
2023-11-08 11:45:00,43,45,6318,10163
2023-11-08 11:45:57,43,46,6318,10163
2023-11-08 11:46:03,43,45,6318,10163
2023-11-08 11:46:22,43,44,6318,10163
2023-11-08 11:46:23,42,44,6318,10163
2023-11-08 11:46:43,42,45,6318,10163
2023-11-08 11:47:07,42,44,6318,10163
2023-11-08 11:47:08,42,45,6318,10163
2023-11-08 11:47:25,43,45,6318,10163
2023-11-08 11:47:32,43,46,6318,10163
2023-11-08 11:48:01,43,45,6318,10163
2023-11-08 11:48:06,42,45,6318,10163
2023-11-08 11:48:07,42,44,6318,10163
2023-11-08 11:48:21,42,45,6318,10163
2023-11-08 11:48:26,43,45,6318,10163
2023-11-08 11:48:29,43,46,6318,10163
2023-11-08 11:48:40,44,46,6318,10163
2023-11-08 11:48:42,43,46,6318,10163
2023-11-08 11:48:50,44,46,6318,10163
2023-11-08 11:48:53,44,46,6378,10223
2023-11-08 11:49:03,45,46,6378,10223
2023-11-08 11:49:09,45,47,6378,10223
2023-11-08 11:49:11,46,47,6378,10223
2023-11-08 11:49:36,45,47,6378,10223
2023-11-08 11:49:36,45,46,6378,10223
2023-11-08 11:50:06,45,47,6378,10223
2023-11-08 11:50:30,46,47,6378,10223
2023-11-08 11:50:45,47,48,6379,10284
2023-11-08 11:51:38,47,48,6380,10634
2023-11-08 11:51:40,47,49,6380,10760
2023-11-08 11:51:41,48,49,6380,10760
2023-11-08 11:51:49,47,49,6580,10960
2023-11-08 11:52:03,47,49,6700,11080
2023-11-08 11:52:03,47,48,6700,11080
2023-11-08 11:52:03,47,49,6700,11080
2023-11-08 11:52:04,47,48,6700,11080
2023-11-08 11:52:04,46,48,6700,11080
2023-11-08 11:52:17,46,49,6700,11080
2023-11-08 11:52:18,46,48,6700,11080
2023-11-08 11:52:21,46,49,6700,11080
2023-11-08 11:52:30,47,49,6700,11080
2023-11-08 11:53:01,46,49,6700,11080
2023-11-08 11:53:01,46,48,6700,11080
2023-11-08 11:53:18,46,49,6700,11080
2023-11-08 11:53:20,47,49,6700,11080
2023-11-08 11:53:53,46,49,6700,11080
2023-11-08 11:53:53,46,48,6700,11080
2023-11-08 11:54:12,45,48,6700,11080
2023-11-08 11:54:12,45,47,6700,11080
2023-11-08 11:54:15,45,48,6700,11080
2023-11-08 11:54:19,45,47,6700,11080
2023-11-08 11:54:34,45,48,6700,11080
2023-11-08 11:54:35,45,47,6700,11080
2023-11-08 11:54:38,45,48,6700,11080
2023-11-08 11:55:14,45,47,6700,11080
2023-11-08 11:55:42,45,48,6700,11080
2023-11-08 11:56:04,46,48,6700,11080
2023-11-08 11:56:14,46,49,6700,11080
2023-11-08 11:56:27,47,49,6700,11080
2023-11-08 11:56:57,48,49,6700,11080
2023-11-08 11:57:40,47,49,6700,11080
2023-11-08 11:57:57,48,49,6700,11080
2023-11-08 11:59:48,49,50,6701,11081
2023-11-08 12:00:54,50,51,6702,11082
2023-11-08 12:07:42,49,51,6702,11082
2023-11-08 12:08:00,49,50,6702,11082
2023-11-08 12:08:09,48,50,6702,11082
2023-11-08 12:08:09,48,49,6702,11082
2023-11-08 12:08:10,48,50,6702,11082
2023-11-08 12:08:11,48,49,6702,11082
2023-11-08 12:08:11,48,49,6752,11132
2023-11-08 12:08:11,48,49,6802,11182
2023-11-08 12:08:15,47,49,6802,11182
2023-11-08 12:08:21,47,48,6802,11182
2023-11-08 12:08:29,47,49,6802,11182
2023-11-08 12:08:42,47,49,6802,11532
2023-11-08 12:08:49,47,49,6952,11882
2023-11-08 12:08:49,48,49,6952,11882
2023-11-08 12:08:49,47,49,6952,12032
2023-11-08 12:08:49,47,50,6952,12032
2023-11-08 12:09:17,47,50,7102,12382
2023-11-08 12:09:17,49,50,7102,12382
2023-11-08 12:09:22,49,51,7102,12382
2023-11-08 12:09:58,50,51,7102,12382
2023-11-08 12:10:00,49,51,7102,12532
2023-11-08 12:10:27,49,52,7103,12533
2023-11-08 12:10:34,50,52,7103,12533
2023-11-08 12:10:49,51,52,7103,12533
2023-11-08 12:10:54,51,52,7104,12883
2023-11-08 12:10:57,51,53,7104,12934
2023-11-08 12:11:13,52,53,7104,12934
2023-11-08 12:12:36,52,53,7105,13034
2023-11-08 12:12:37,53,54,7105,13035
2023-11-08 12:16:35,54,55,7106,13036
2023-11-08 12:20:47,55,56,7107,13037
2023-11-08 12:23:39,56,57,7108,13038
2023-11-08 12:28:37,55,57,7108,13188
2023-11-08 12:28:38,55,56,7108,13188
2023-11-08 12:28:56,55,56,7108,13388
2023-11-08 12:30:00,54,56,7108,13388
2023-11-08 12:30:14,54,55,7108,13388
2023-11-08 12:37:11,55,56,7108,13389
2023-11-08 12:37:43,55,57,7108,13389
2023-11-08 12:38:10,56,57,7108,13389
2023-11-08 12:39:13,57,58,7109,13390
2023-11-08 12:42:00,58,59,7110,13391
2023-11-08 12:43:22,58,60,7410,13891
2023-11-08 12:43:22,59,60,7410,13891
2023-11-08 12:54:59,59,60,7410,13896
2023-11-08 12:56:24,59,61,7410,13896
2023-11-08 12:56:24,59,60,7410,13896
2023-11-08 12:57:36,59,61,7410,13896
2023-11-08 12:57:36,59,61,7410,13896
2023-11-08 12:57:37,59,60,7410,13896
2023-11-08 12:57:37,59,61,7410,13896
2023-11-08 12:57:38,59,60,7410,13896
2023-11-08 12:59:34,59,61,7410,13896
2023-11-08 12:59:34,59,60,7410,13896
2023-11-08 13:00:17,59,61,7410,13896
2023-11-08 13:00:17,59,60,7410,13896
2023-11-08 13:01:41,59,61,7410,13896
2023-11-08 13:01:42,60,61,7410,13896
2023-11-08 13:01:42,60,61,7122,14184
2023-11-08 13:02:11,59,61,7122,14194
2023-11-08 13:02:11,59,60,7122,14194
2023-11-08 13:02:56,59,61,7122,14194
2023-11-08 13:02:56,59,60,7122,14194
2023-11-08 13:02:58,59,60,7234,14306
2023-11-08 13:03:38,58,60,7234,14306
2023-11-08 13:03:38,58,59,7234,14306
2023-11-08 13:03:38,58,59,7294,14366
2023-11-08 13:03:38,58,59,7334,14406
2023-11-08 13:03:39,57,59,7334,14406
2023-11-08 13:03:39,57,58,7334,14406
2023-11-08 13:03:40,57,58,7409,14606
2023-11-08 13:04:04,57,58,7509,14806
2023-11-08 13:04:08,58,59,7639,14936
2023-11-08 13:04:08,57,59,7709,15006
2023-11-08 13:04:08,57,58,7709,15006
2023-11-08 13:04:13,58,60,7897,15194
2023-11-08 13:04:13,58,59,7897,15194
2023-11-08 13:04:14,57,59,7897,15194
2023-11-08 13:04:26,57,58,7897,15194
2023-11-08 13:04:53,57,58,8118,15415
2023-11-08 13:05:01,57,58,8137,15434
2023-11-08 13:05:07,56,58,8297,15594
2023-11-08 13:05:10,56,57,8297,15594
2023-11-08 13:05:32,56,57,8422,15719
2023-11-08 13:05:33,55,57,8422,15719
2023-11-08 13:05:33,55,56,8422,15719
2023-11-08 13:05:34,54,56,8422,15719
2023-11-08 13:05:35,54,55,8422,15719
2023-11-08 13:05:38,53,55,8422,15719
2023-11-08 13:05:38,53,54,8422,15719
2023-11-08 13:05:46,53,55,8422,15719
2023-11-08 13:05:48,53,54,8422,15719
2023-11-08 13:05:48,53,55,8422,15719
2023-11-08 13:05:51,53,54,8422,15719
2023-11-08 13:05:52,53,56,8422,15719
2023-11-08 13:05:52,53,55,8422,15719
2023-11-08 13:06:25,53,54,8422,15719
2023-11-08 13:06:31,52,54,8422,15719
2023-11-08 13:06:31,51,54,8422,15719
2023-11-08 13:06:32,51,53,8422,15719
2023-11-08 13:06:44,51,54,8538,15835
2023-11-08 13:06:51,51,53,8538,15835
2023-11-08 13:06:57,51,54,8538,15835
2023-11-08 13:06:59,52,54,8538,15835
2023-11-08 13:07:01,51,54,8538,15835
2023-11-08 13:07:02,52,54,8538,15835
2023-11-08 13:07:30,52,55,8538,15835
2023-11-08 13:07:30,53,55,8538,15835
2023-11-08 13:07:31,53,56,8538,15835
2023-11-08 13:07:33,54,56,8538,15835
2023-11-08 13:07:42,53,56,8538,15835
2023-11-08 13:07:42,54,56,8538,15835
2023-11-08 13:07:47,53,56,8538,15835
2023-11-08 13:07:50,53,55,8538,15835
2023-11-08 13:09:07,53,54,8538,15835
2023-11-08 13:09:08,52,54,8538,15835
2023-11-08 13:09:13,51,54,8538,15835
2023-11-08 13:09:27,52,54,8538,15835
2023-11-08 13:09:29,52,55,8538,15835
2023-11-08 13:09:36,53,55,8538,15835
2023-11-08 13:09:40,52,55,8538,15835
2023-11-08 13:09:42,52,54,8538,15835
2023-11-08 13:09:49,52,53,8538,15835
2023-11-08 13:09:49,51,53,8538,15835
2023-11-08 13:09:52,51,54,8538,15835
2023-11-08 13:09:53,52,54,8538,15835
2023-11-08 13:10:05,52,55,8538,15835
2023-11-08 13:10:12,53,55,8538,15835
2023-11-08 13:10:13,53,56,8538,15835
2023-11-08 13:10:21,53,55,8538,15835
2023-11-08 13:10:25,53,56,8538,15835
2023-11-08 13:10:34,53,57,8538,15835
2023-11-08 13:10:37,54,57,8538,15835
2023-11-08 13:10:39,55,57,8538,15835
2023-11-08 13:10:48,55,58,8538,15835
2023-11-08 13:10:55,55,57,8538,15835
2023-11-08 13:11:32,55,58,8538,15835
2023-11-08 13:11:41,55,57,8538,15835
2023-11-08 13:11:42,55,58,8538,15835
2023-11-08 13:12:08,55,57,8538,15835
2023-11-08 13:12:27,55,56,8538,15835
2023-11-08 13:12:28,55,57,8538,15835
2023-11-08 13:13:03,55,58,8538,15835
2023-11-08 13:13:05,56,58,8538,15835
2023-11-08 13:13:10,55,58,8538,15835
2023-11-08 13:13:11,56,58,8538,15835
2023-11-08 13:13:12,55,58,8538,15835
2023-11-08 13:13:13,56,58,8538,15835
2023-11-08 13:13:16,56,59,8538,15835
2023-11-08 13:13:20,57,59,8538,15835
2023-11-08 13:13:25,58,59,8538,15835
2023-11-08 13:13:28,57,59,8538,15835
2023-11-08 13:13:30,57,60,8538,15835
2023-11-08 13:13:30,58,60,8538,15835
2023-11-08 13:13:47,57,60,8538,15835
2023-11-08 13:13:48,58,60,8538,15835
2023-11-08 13:13:49,57,60,8538,15835
2023-11-08 13:13:53,57,59,8538,15835
2023-11-08 13:14:04,57,60,8538,15835
2023-11-08 13:14:06,58,60,8538,15835
2023-11-08 13:14:12,57,60,8538,15835
2023-11-08 13:14:13,58,60,8538,15835
2023-11-08 13:14:14,57,60,8538,15835
2023-11-08 13:14:15,57,59,8538,15835
2023-11-08 13:14:24,57,60,8538,15835
2023-11-08 13:14:31,57,59,8538,15835
2023-11-08 13:14:46,57,60,8538,15835
2023-11-08 13:14:48,58,60,8538,15835
2023-11-08 13:14:49,57,60,8538,15835
2023-11-08 13:14:51,57,59,8538,15835
2023-11-08 13:14:54,57,60,8538,15835
2023-11-08 13:14:55,57,59,8538,15835
2023-11-08 13:14:56,57,60,8538,15835
2023-11-08 13:15:05,58,60,8538,15835
2023-11-08 13:15:28,57,60,8538,15835
2023-11-08 13:15:28,58,60,8538,15835
2023-11-08 13:15:30,57,60,8538,15835
2023-11-08 13:15:31,58,60,8538,15835
2023-11-08 13:15:33,57,60,8538,15835
2023-11-08 13:15:34,58,60,8538,15835
2023-11-08 13:15:35,57,60,8538,15835
2023-11-08 13:15:35,58,60,8538,15835
2023-11-08 13:15:37,57,60,8538,15835
2023-11-08 13:15:38,58,60,8538,15835
2023-11-08 13:15:39,57,60,8538,15835
2023-11-08 13:15:41,58,60,8538,15835
2023-11-08 13:15:52,58,61,8538,15835
2023-11-08 13:15:53,59,61,8538,15835
2023-11-08 13:15:56,58,61,8538,15835
2023-11-08 13:15:57,59,61,8538,15835
2023-11-08 13:16:13,59,60,8538,15835
2023-11-08 13:16:18,58,60,8538,15835
2023-11-08 13:17:40,58,59,8538,15835
2023-11-08 13:17:40,57,59,8538,15835
2023-11-08 13:17:40,58,59,8538,15835
2023-11-08 13:17:41,57,59,8538,15835
2023-11-08 13:17:47,58,59,8538,15835
2023-11-08 13:17:50,57,59,8538,15835
2023-11-08 13:17:53,58,59,8538,15835
2023-11-08 13:18:08,58,60,8538,15835
2023-11-08 13:18:08,57,60,8538,15835
2023-11-08 13:18:08,58,60,8538,15835
2023-11-08 13:18:10,59,60,8538,15835
2023-11-08 13:18:11,59,61,8538,15835
2023-11-08 13:18:13,59,60,8538,15835
2023-11-08 13:18:16,59,61,8538,15835
2023-11-08 13:18:20,59,60,8538,15835
2023-11-08 13:18:21,59,61,8538,15835
2023-11-08 13:18:22,59,60,8538,15835
2023-11-08 13:18:23,59,61,8538,15835
2023-11-08 13:18:25,59,60,8538,15835
2023-11-08 13:18:27,58,60,8538,15835
2023-11-08 13:18:27,59,60,8538,15835
2023-11-08 13:19:04,59,61,8538,15835
2023-11-08 13:19:06,58,61,8538,15835
2023-11-08 13:19:06,60,61,8538,15835
2023-11-08 13:19:29,60,61,8538,15936
2023-11-08 13:19:38,59,61,8538,15936
2023-11-08 13:19:38,60,61,8538,15936
2023-11-08 13:20:18,61,62,8538,15937
2023-11-08 13:20:31,61,62,8538,15986
2023-11-08 13:20:38,62,63,8538,15987
2023-11-08 13:21:15,61,63,8538,15987
2023-11-08 13:21:15,62,63,8538,15987
2023-11-08 13:21:17,61,63,8538,15987
2023-11-08 13:21:17,62,63,8538,15987
2023-11-08 13:21:26,61,63,8538,15987
2023-11-08 13:21:27,61,62,8538,15987
2023-11-08 13:21:47,60,62,8538,15987
2023-11-08 13:21:47,61,62,8538,15987
2023-11-08 13:22:06,60,62,8538,15987
2023-11-08 13:22:06,61,62,8538,15987
2023-11-08 13:22:07,60,62,8538,15987
2023-11-08 13:22:09,60,61,8538,15987
2023-11-08 13:22:12,59,61,8538,15987
2023-11-08 13:22:13,60,61,8538,15987
2023-11-08 13:22:17,59,61,8538,15987
2023-11-08 13:22:17,60,61,8538,15987
2023-11-08 13:22:18,60,61,8338,16187
2023-11-08 13:22:18,59,61,8338,16187
2023-11-08 13:22:19,59,60,8338,16187
2023-11-08 13:22:19,58,60,8338,16187
2023-11-08 13:22:20,59,60,8338,16187
2023-11-08 13:22:24,58,59,8116,16409
2023-11-08 13:22:24,57,59,8116,16409
2023-11-08 13:22:25,58,59,8116,16409
2023-11-08 13:22:35,58,59,8081,16609
2023-11-08 13:22:35,57,59,8081,16609
2023-11-08 13:22:37,57,58,8081,16609
2023-11-08 13:22:44,56,58,8081,16609
2023-11-08 13:22:44,57,58,8081,16609
2023-11-08 13:22:45,57,59,8081,16609
2023-11-08 13:23:28,56,59,8081,16609
2023-11-08 13:23:29,57,59,8081,16609
2023-11-08 13:23:42,56,59,8081,16609
2023-11-08 13:23:43,57,59,8081,16609
2023-11-08 13:24:25,57,60,8081,16609
2023-11-08 13:24:25,57,59,8081,16609
2023-11-08 13:24:29,57,60,8081,16609
2023-11-08 13:24:50,57,59,8081,16609
2023-11-08 13:25:24,57,60,8081,16609
2023-11-08 13:25:27,57,59,8081,16609
2023-11-08 13:25:28,57,60,8081,16609
2023-11-08 13:25:28,57,59,8081,16609
2023-11-08 13:25:34,57,60,8081,16609
2023-11-08 13:25:35,57,59,8081,16609
2023-11-08 13:25:44,57,60,8081,16609
2023-11-08 13:25:48,58,60,8081,16609
2023-11-08 13:25:52,58,61,8081,16609
2023-11-08 13:25:52,58,60,8081,16609
2023-11-08 13:25:58,57,60,8081,16609
2023-11-08 13:25:59,58,60,8081,16609
2023-11-08 13:26:05,57,60,8081,16609
2023-11-08 13:26:21,57,59,8081,16609
2023-11-08 13:26:36,57,58,8081,16609
2023-11-08 13:26:40,56,58,8081,16609
2023-11-08 13:26:43,56,59,8081,16609
2023-11-08 13:26:43,57,59,8081,16609
2023-11-08 13:26:49,57,58,8081,16609
2023-11-08 13:26:49,56,58,8081,16609
2023-11-08 13:26:56,56,57,8081,16609
2023-11-08 13:26:56,55,57,8081,16609
2023-11-08 13:27:20,56,57,8081,16609
2023-11-08 13:27:26,55,57,8081,16609
2023-11-08 13:27:26,56,57,8081,16609
2023-11-08 13:27:27,55,57,8081,16609
2023-11-08 13:27:27,56,57,8081,16609
2023-11-08 13:27:28,55,57,8081,16609
2023-11-08 13:27:37,55,56,8081,16609
2023-11-08 13:27:39,54,56,8081,16609
2023-11-08 13:27:39,55,56,8081,16609
2023-11-08 13:27:46,54,56,8081,16609
2023-11-08 13:27:46,55,56,8081,16609
2023-11-08 13:27:51,54,56,8081,16609
2023-11-08 13:27:51,55,56,8081,16609
2023-11-08 13:27:52,54,56,8081,16609
2023-11-08 13:28:03,54,55,8081,16609
2023-11-08 13:28:26,53,55,8081,16609
2023-11-08 13:28:26,54,55,8081,16609
2023-11-08 13:28:31,53,55,8081,16609
2023-11-08 13:28:31,54,55,8081,16609
2023-11-08 13:29:09,53,55,8081,16609
2023-11-08 13:29:09,54,55,8081,16609
2023-11-08 13:29:23,54,56,8081,16609
2023-11-08 13:29:24,54,57,8081,16609
2023-11-08 13:29:27,55,57,8081,16609
2023-11-08 13:29:43,55,56,8081,16609
2023-11-08 13:29:47,55,57,8081,16609
2023-11-08 13:29:53,55,56,8081,16609
2023-11-08 13:29:54,53,56,8081,16609
2023-11-08 13:29:54,54,56,8081,16609
2023-11-08 13:30:06,54,57,8081,16609
2023-11-08 13:30:08,55,57,8081,16609
2023-11-08 13:30:24,55,56,8081,16609
2023-11-08 13:30:27,55,57,8081,16609
2023-11-08 13:30:34,55,56,8081,16609
2023-11-08 13:30:39,55,57,8081,16609
2023-11-08 13:30:48,55,56,8081,16609
2023-11-08 13:30:51,53,56,8081,16609
2023-11-08 13:30:51,55,56,8081,16609
2023-11-08 13:30:53,53,56,8081,16609
2023-11-08 13:30:53,54,56,8081,16609
2023-11-08 13:31:08,54,56,8081,16809
2023-11-08 13:31:08,52,56,8081,16809
2023-11-08 13:31:08,53,56,8081,16809
2023-11-08 13:31:11,53,54,8081,16809
2023-11-08 13:31:13,52,54,8081,16809
2023-11-08 13:31:13,53,54,8081,16809
2023-11-08 13:31:19,52,54,8081,16809
2023-11-08 13:31:19,53,54,8081,16809
2023-11-08 13:31:20,52,54,8081,16809
2023-11-08 13:31:20,53,54,8081,16809
2023-11-08 13:31:54,52,54,8081,16809
2023-11-08 13:31:54,53,54,8081,16809
2023-11-08 13:31:57,52,54,8081,16809
2023-11-08 13:31:57,53,54,8081,16809
2023-11-08 13:32:06,53,56,8081,16809
2023-11-08 13:32:06,54,56,8081,16809
2023-11-08 13:32:15,53,56,8081,16809
2023-11-08 13:32:15,54,56,8081,16809
2023-11-08 13:32:28,54,57,8081,16809
2023-11-08 13:32:28,55,57,8081,16809
2023-11-08 13:32:41,54,57,8081,16809
2023-11-08 13:32:42,54,56,8081,16809
2023-11-08 13:32:53,54,55,8081,16809
2023-11-08 13:32:54,53,55,8081,16809
2023-11-08 13:32:54,54,55,8081,16809
2023-11-08 13:32:55,52,55,8081,16809
2023-11-08 13:32:56,53,55,8081,16809
2023-11-08 13:33:19,53,56,8081,16809
2023-11-08 13:33:19,54,56,8081,16809
2023-11-08 13:33:27,54,55,8081,16809
2023-11-08 13:33:27,52,55,8081,16809
2023-11-08 13:33:27,53,55,8081,16809
2023-11-08 13:33:31,53,56,8081,16809
2023-11-08 13:33:31,54,56,8081,16809
2023-11-08 13:33:42,54,55,8081,16809
2023-11-08 13:33:42,53,55,8081,16809
2023-11-08 13:33:43,54,55,8081,16809
2023-11-08 13:33:46,54,56,8081,16809
2023-11-08 13:33:48,54,55,8081,16809
2023-11-08 13:33:48,52,55,8081,16809
2023-11-08 13:33:48,53,55,8081,16809
2023-11-08 13:34:34,52,55,8081,16809
2023-11-08 13:34:37,53,55,8081,16809
2023-11-08 13:35:15,53,56,8081,16809
2023-11-08 13:35:18,53,55,8081,16809
2023-11-08 13:35:19,52,55,8081,16809
2023-11-08 13:35:22,52,54,8081,16809
2023-11-08 13:35:22,52,53,8081,16809
2023-11-08 13:35:22,51,53,8081,16809
2023-11-08 13:35:24,51,52,8081,16809
2023-11-08 13:35:24,50,52,8081,16809
2023-11-08 13:35:28,51,52,8081,16809
2023-11-08 13:35:28,50,52,8195,16923
2023-11-08 13:35:30,51,52,8195,16923
2023-11-08 13:35:31,51,53,8195,16923
2023-11-08 13:35:39,51,54,8195,17123
2023-11-08 13:35:40,52,54,8195,17123
2023-11-08 13:35:41,52,55,8195,17123
2023-11-08 13:35:41,53,55,8195,17123
2023-11-08 13:35:55,52,55,8195,17123
2023-11-08 13:36:00,53,55,8195,17123
2023-11-08 13:36:02,52,55,8195,17123
2023-11-08 13:36:03,53,55,8195,17123
2023-11-08 13:36:03,52,55,8195,17123
2023-11-08 13:36:06,52,54,8195,17123
2023-11-08 13:36:07,52,55,8195,17123
2023-11-08 13:36:08,52,54,8195,17123
2023-11-08 13:36:14,51,54,8195,17123
2023-11-08 13:36:23,51,53,8195,17123
2023-11-08 13:36:38,50,53,8195,17123
2023-11-08 13:36:38,51,53,8195,17123
2023-11-08 13:36:49,51,52,8195,17123
2023-11-08 13:36:49,51,52,8211,17139
2023-11-08 13:36:49,50,52,8211,17139
2023-11-08 13:36:55,51,52,8211,17139
2023-11-08 13:37:01,50,52,8211,17139
2023-11-08 13:37:10,51,52,8211,17139
2023-11-08 13:37:13,51,53,8211,17139
2023-11-08 13:37:17,50,53,8211,17139
2023-11-08 13:37:17,51,53,8211,17139
2023-11-08 13:37:29,51,54,8211,17139
2023-11-08 13:37:30,52,54,8211,17139
2023-11-08 13:37:34,51,54,8211,17139
2023-11-08 13:37:34,52,54,8211,17139
2023-11-08 13:37:57,52,55,8211,17139
2023-11-08 13:37:57,53,55,8211,17139
2023-11-08 13:37:59,53,56,8211,17139
2023-11-08 13:38:00,54,56,8211,17139
2023-11-08 13:38:01,54,57,8211,17139
2023-11-08 13:38:02,55,57,8211,17139
2023-11-08 13:38:02,55,58,8211,17139
2023-11-08 13:38:03,55,57,8211,17139
2023-11-08 13:38:05,54,57,8211,17139
2023-11-08 13:38:05,55,57,8211,17139
2023-11-08 13:38:06,54,57,8211,17139
2023-11-08 13:38:20,54,56,8211,17139
2023-11-08 13:38:41,53,56,8211,17139
2023-11-08 13:38:41,54,56,8211,17139
2023-11-08 13:38:44,53,56,8211,17139
2023-11-08 13:38:44,54,56,8211,17139
2023-11-08 13:38:45,53,56,8211,17139
2023-11-08 13:38:52,54,56,8211,17139
2023-11-08 13:38:53,53,56,8211,17139
2023-11-08 13:39:02,54,56,8211,17139
2023-11-08 13:39:04,53,56,8211,17139
2023-11-08 13:39:06,53,55,8211,17139
2023-11-08 13:39:21,52,55,8211,17139
2023-11-08 13:39:21,51,55,8211,17139
2023-11-08 13:39:21,52,55,8211,17139
2023-11-08 13:39:23,52,54,8211,17139
2023-11-08 13:39:43,52,55,8211,17139
2023-11-08 13:39:43,52,54,8211,17139
2023-11-08 13:39:44,52,55,8211,17139
2023-11-08 13:39:55,53,55,8211,17139
2023-11-08 13:40:00,51,55,8211,17139
2023-11-08 13:40:00,52,55,8211,17139
2023-11-08 13:40:03,51,55,8211,17139
2023-11-08 13:40:03,52,55,8211,17139
2023-11-08 13:40:07,53,55,8211,17139
2023-11-08 13:40:10,52,55,8211,17139
2023-11-08 13:40:11,53,55,8211,17139
2023-11-08 13:40:20,51,55,8211,17139
2023-11-08 13:40:20,52,55,8211,17139
2023-11-08 13:40:25,51,55,8211,17139
2023-11-08 13:40:25,52,55,8211,17139
2023-11-08 13:40:30,52,54,8211,17139
2023-11-08 13:40:40,51,54,8211,17139
2023-11-08 13:40:41,52,54,8211,17139
2023-11-08 13:40:47,51,54,8211,17139
2023-11-08 13:40:56,52,54,8211,17139
2023-11-08 13:41:00,51,54,8211,17139
2023-11-08 13:41:01,51,53,8211,17139
2023-11-08 13:41:02,51,54,8211,17139
2023-11-08 13:41:03,52,54,8211,17139
2023-11-08 13:41:15,52,53,8211,17139
2023-11-08 13:41:15,51,53,8211,17139
2023-11-08 13:41:34,52,53,8211,17139
2023-11-08 13:41:42,51,53,8211,17139
2023-11-08 13:41:47,52,53,8211,17139
2023-11-08 13:41:48,52,54,8211,17139
2023-11-08 13:41:48,51,54,8211,17139
2023-11-08 13:41:48,52,54,8211,17139
2023-11-08 13:42:21,52,55,8211,17139
2023-11-08 13:42:22,52,54,8211,17139
2023-11-08 13:42:26,51,54,8211,17139
2023-11-08 13:42:26,52,54,8211,17139
2023-11-08 13:42:28,52,53,8211,17139
2023-11-08 13:42:28,51,53,8211,17139
2023-11-08 13:43:03,51,54,8211,17139
2023-11-08 13:43:04,51,53,8211,17139
2023-11-08 13:43:05,52,53,8211,17139
2023-11-08 13:43:08,51,53,8211,17139
2023-11-08 13:43:15,51,52,8211,17139
2023-11-08 13:43:17,51,52,8211,17339
2023-11-08 13:43:17,49,52,8211,17339
2023-11-08 13:43:17,50,52,8211,17339
2023-11-08 13:43:18,49,52,8211,17339
2023-11-08 13:43:18,50,52,8211,17339
2023-11-08 13:43:33,50,53,8211,17339
2023-11-08 13:43:37,51,53,8211,17339
2023-11-08 13:43:46,51,54,8211,17339
2023-11-08 13:43:53,52,54,8211,17339
2023-11-08 13:44:01,51,54,8211,17339
2023-11-08 13:44:02,52,54,8211,17339
2023-11-08 13:44:03,51,54,8211,17339
2023-11-08 13:44:04,51,53,8211,17339
2023-11-08 13:44:05,49,53,8211,17339
2023-11-08 13:44:05,50,53,8211,17339
2023-11-08 13:44:08,50,52,8211,17339
2023-11-08 13:44:13,50,53,8211,17339
2023-11-08 13:44:16,51,53,8211,17339
2023-11-08 13:44:17,49,53,8211,17339
2023-11-08 13:44:17,50,53,8211,17339
2023-11-08 13:44:18,49,53,8211,17339
2023-11-08 13:44:18,50,53,8211,17339
2023-11-08 13:44:29,51,53,8211,17339
2023-11-08 13:44:32,50,53,8211,17339
2023-11-08 13:44:44,51,53,8211,17339
2023-11-08 13:44:49,50,53,8211,17339
2023-11-08 13:44:49,51,53,8211,17339
2023-11-08 13:44:50,51,53,8211,17344
2023-11-08 13:45:03,50,53,8211,17344
2023-11-08 13:45:04,51,53,8211,17344
2023-11-08 13:45:05,50,53,8211,17344
2023-11-08 13:45:05,51,53,8211,17344
2023-11-08 13:45:07,49,53,8211,17344
2023-11-08 13:45:07,50,53,8211,17344
2023-11-08 13:45:11,49,53,8211,17344
2023-11-08 13:45:11,50,53,8211,17344
2023-11-08 13:45:12,50,52,8211,17344
2023-11-08 13:45:13,50,53,8211,17344
2023-11-08 13:45:25,51,53,8211,17344
2023-11-08 13:45:27,50,53,8211,17344
2023-11-08 13:45:29,50,52,8211,17344
2023-11-08 13:45:31,50,53,8211,17344
2023-11-08 13:45:33,51,53,8211,17344
2023-11-08 13:45:43,51,54,8211,17344
2023-11-08 13:45:43,50,54,8211,17344
2023-11-08 13:45:43,51,54,8211,17344
2023-11-08 13:45:45,52,54,8211,17344
2023-11-08 13:45:50,50,54,8211,17344
2023-11-08 13:45:50,51,54,8211,17344
2023-11-08 13:45:53,51,53,8211,17344
2023-11-08 13:45:54,51,54,8211,17344
2023-11-08 13:46:01,51,53,8211,17344
2023-11-08 13:46:02,50,53,8211,17344
2023-11-08 13:46:02,51,53,8211,17344
2023-11-08 13:46:03,50,53,8211,17344
2023-11-08 13:46:03,51,53,8211,17344
2023-11-08 13:46:09,51,54,8211,17344
2023-11-08 13:46:11,52,54,8211,17344
2023-11-08 13:46:19,51,54,8211,17344
2023-11-08 13:46:24,51,53,8211,17344
2023-11-08 13:46:35,50,53,8211,17344
2023-11-08 13:46:35,51,53,8211,17344
2023-11-08 13:46:36,50,53,8211,17344
2023-11-08 13:46:37,51,53,8211,17344
2023-11-08 13:46:40,50,53,8211,17344
2023-11-08 13:46:40,51,53,8211,17344
2023-11-08 13:46:43,50,53,8211,17344
2023-11-08 13:46:43,51,53,8211,17344
2023-11-08 13:46:56,51,52,8211,17344
2023-11-08 13:46:56,49,52,8211,17344
2023-11-08 13:46:56,50,52,8211,17344
2023-11-08 13:46:57,49,52,8211,17344
2023-11-08 13:46:57,50,52,8211,17344
2023-11-08 13:46:58,49,52,8211,17344
2023-11-08 13:46:58,50,52,8211,17344
2023-11-08 13:46:59,49,52,8211,17344
2023-11-08 13:46:59,50,52,8211,17344
2023-11-08 13:47:00,49,52,8211,17344
2023-11-08 13:47:03,50,52,8211,17344
2023-11-08 13:47:04,49,52,8211,17344
2023-11-08 13:47:05,50,52,8211,17344
2023-11-08 13:47:16,50,51,8211,17344
2023-11-08 13:47:16,49,51,8211,17344
2023-11-08 13:47:18,50,51,8211,17344
2023-11-08 13:47:29,49,51,8211,17344
2023-11-08 13:47:30,50,51,8211,17344
2023-11-08 13:47:38,50,52,8211,17344
2023-11-08 13:47:45,50,53,8211,17344
2023-11-08 13:47:47,51,53,8211,17344
2023-11-08 13:47:51,51,54,8211,17344
2023-11-08 13:47:52,52,54,8211,17344
2023-11-08 13:48:05,52,55,8211,17344
2023-11-08 13:48:09,52,54,8211,17344
2023-11-08 13:48:11,51,54,8211,17344
2023-11-08 13:48:11,52,54,8211,17344
2023-11-08 13:48:29,52,55,8211,17344
2023-11-08 13:48:30,52,54,8211,17344
2023-11-08 13:48:33,52,55,8211,17344
2023-11-08 13:48:37,53,55,8211,17344
2023-11-08 13:48:42,53,56,8211,17344
2023-11-08 13:48:47,54,56,8211,17344
2023-11-08 13:48:50,53,56,8211,17344
2023-11-08 13:48:51,54,56,8211,17344
2023-11-08 13:48:52,53,56,8211,17344
2023-11-08 13:49:01,54,56,8211,17344
2023-11-08 13:49:06,53,56,8211,17344
2023-11-08 13:49:09,54,56,8211,17344
2023-11-08 13:49:19,53,56,8211,17344
2023-11-08 13:49:29,53,55,8211,17344
2023-11-08 13:49:37,52,55,8211,17344
2023-11-08 13:49:38,53,55,8211,17344
2023-11-08 13:49:39,52,55,8211,17344
2023-11-08 13:49:40,53,55,8211,17344
2023-11-08 13:49:45,52,55,8211,17344
2023-11-08 13:49:54,53,55,8211,17344
2023-11-08 13:49:56,52,55,8211,17344
2023-11-08 13:50:03,52,54,8211,17344
2023-11-08 13:50:09,51,54,8211,17344
2023-11-08 13:50:12,52,54,8211,17344
2023-11-08 13:50:59,51,54,8211,17344
2023-11-08 13:50:59,51,55,8211,17344
2023-11-08 13:50:59,52,55,8211,17344
2023-11-08 13:51:02,52,54,8251,17384
2023-11-08 13:51:08,52,55,8251,17384
2023-11-08 13:51:10,53,55,8251,17384
2023-11-08 13:51:14,53,56,8251,17384
2023-11-08 13:51:15,53,55,8251,17384
2023-11-08 13:51:18,53,56,8251,17384
2023-11-08 13:51:19,53,55,8251,17384
2023-11-08 13:51:27,53,56,8251,17384
2023-11-08 13:51:27,53,56,8251,17384
2023-11-08 13:51:28,54,56,8251,17384
2023-11-08 13:51:31,53,56,8251,17384
2023-11-08 13:51:36,53,55,8251,17384
2023-11-08 13:51:47,53,57,8251,17384
2023-11-08 13:51:47,53,56,8251,17384
2023-11-08 13:51:50,54,56,8251,17384
2023-11-08 13:52:14,53,56,8251,17384
2023-11-08 13:52:17,53,55,8251,17384
2023-11-08 13:52:21,53,56,8251,17384
2023-11-08 13:52:21,53,55,8251,17384
2023-11-08 13:52:26,52,55,8251,17384
2023-11-08 13:52:27,53,55,8251,17384
2023-11-08 13:52:28,52,55,8251,17384
2023-11-08 13:52:28,53,55,8251,17384
2023-11-08 13:52:29,52,55,8251,17384
2023-11-08 13:52:33,52,54,8251,17384
2023-11-08 13:52:34,52,55,8251,17384
2023-11-08 13:52:34,52,54,8251,17384
2023-11-08 13:52:39,51,54,8251,17384
2023-11-08 13:52:40,52,54,8251,17384
2023-11-08 13:53:14,52,55,8251,17384
2023-11-08 13:53:18,53,55,8251,17384
2023-11-08 13:53:18,53,57,8251,17384
2023-11-08 13:53:19,53,56,8251,17384
2023-11-08 13:53:22,54,57,8251,17384
2023-11-08 13:53:24,55,57,8251,17384
2023-11-08 13:53:31,54,57,8251,17384
2023-11-08 13:53:33,55,57,8251,17384
2023-11-08 13:53:39,55,58,8251,17384
2023-11-08 13:53:41,56,58,8251,17384
2023-11-08 13:53:47,55,58,8251,17384
2023-11-08 13:53:48,55,57,8251,17384
2023-11-08 13:53:54,55,58,8251,17384
2023-11-08 13:53:54,55,57,8251,17384
2023-11-08 13:54:07,55,58,8251,17384
2023-11-08 13:54:14,55,57,8251,17384
2023-11-08 13:54:16,55,58,8251,17384
2023-11-08 13:54:18,55,57,8251,17384
2023-11-08 13:54:29,54,57,8251,17384
2023-11-08 13:54:31,54,56,8251,17384
2023-11-08 13:54:37,53,56,8251,17384
2023-11-08 13:54:37,54,56,8251,17384
2023-11-08 13:54:37,53,56,8251,17384
2023-11-08 13:54:39,54,56,8251,17384
2023-11-08 13:54:41,53,56,8251,17384
2023-11-08 13:54:47,53,55,8251,17384
2023-11-08 13:54:48,53,56,8251,17384
2023-11-08 13:54:48,53,55,8251,17384
2023-11-08 13:54:49,53,56,8251,17384
2023-11-08 13:54:50,53,55,8251,17384
2023-11-08 13:55:24,52,55,8251,17384
2023-11-08 13:55:24,52,56,8251,17384
2023-11-08 13:55:24,52,55,8251,17384
2023-11-08 13:55:31,52,55,8251,17384
2023-11-08 13:55:32,53,55,8251,17384
2023-11-08 13:55:35,52,55,8251,17384
2023-11-08 13:55:35,52,56,8251,17384
2023-11-08 13:55:35,53,56,8251,17384
2023-11-08 13:55:35,53,55,8251,17384
2023-11-08 13:55:37,53,56,8251,17384
2023-11-08 13:55:39,54,56,8251,17384
2023-11-08 13:55:40,53,56,8251,17384
2023-11-08 13:55:41,54,56,8251,17384
2023-11-08 13:55:43,53,56,8251,17384
2023-11-08 13:55:46,53,55,8251,17384
2023-11-08 13:56:01,52,55,8251,17384
2023-11-08 13:56:02,53,55,8251,17384
2023-11-08 13:56:03,52,55,8251,17384
2023-11-08 13:56:12,52,56,8251,17384
2023-11-08 13:56:12,52,55,8251,17384
2023-11-08 13:56:12,53,55,8251,17384
2023-11-08 13:56:13,52,55,8251,17384
2023-11-08 13:56:17,52,54,8251,17384
2023-11-08 13:56:18,52,55,8251,17384
2023-11-08 13:56:20,53,55,8251,17384
2023-11-08 13:56:22,52,55,8251,17384
2023-11-08 13:56:29,52,54,8251,17384
2023-11-08 13:56:36,52,55,8251,17384
2023-11-08 13:56:42,53,55,8251,17384
2023-11-08 13:56:43,51,55,8251,17384
2023-11-08 13:56:43,52,55,8251,17384
2023-11-08 13:56:47,53,55,8251,17384
2023-11-08 13:57:07,53,56,8251,17384
2023-11-08 13:57:18,54,56,8251,17384
2023-11-08 13:57:19,54,57,8251,17384
2023-11-08 13:57:19,54,56,8251,17384
2023-11-08 13:57:23,54,57,8251,17384
2023-11-08 13:57:24,54,56,8251,17384
2023-11-08 13:57:27,54,57,8251,17609
2023-11-08 13:57:27,54,58,8251,17609
2023-11-08 13:57:27,55,58,8251,17609
2023-11-08 13:57:28,55,57,8251,17609
2023-11-08 13:57:29,55,58,8251,17609
2023-11-08 13:57:34,56,58,8251,17609
2023-11-08 13:57:40,56,59,8251,17609
2023-11-08 13:57:40,56,58,8251,17609
2023-11-08 13:57:41,56,59,8251,17609
2023-11-08 13:57:43,57,59,8251,17609
2023-11-08 13:57:51,56,59,8251,17609
2023-11-08 13:57:52,57,59,8251,17609
2023-11-08 13:58:10,56,59,8251,17609
2023-11-08 13:58:13,56,58,8251,17609
2023-11-08 13:58:22,56,59,8251,17609
2023-11-08 13:58:22,56,58,8251,17609
2023-11-08 13:58:40,55,58,8251,17609
2023-11-08 13:58:42,55,57,8251,17609
2023-11-08 13:58:43,55,58,8251,17609
2023-11-08 13:58:51,55,57,8251,17609
2023-11-08 13:58:54,55,58,8251,17609
2023-11-08 13:58:54,55,57,8251,17609
2023-11-08 13:58:57,55,58,8251,17609
2023-11-08 13:59:07,56,58,8251,17609
2023-11-08 13:59:13,55,58,8251,17609
2023-11-08 13:59:17,55,57,8251,17609
2023-11-08 13:59:20,55,58,8251,17609
2023-11-08 13:59:24,55,57,8251,17609
2023-11-08 13:59:50,55,58,8251,17609
2023-11-08 14:00:00,55,57,8251,17609
2023-11-08 14:00:01,55,58,8251,17609
2023-11-08 14:00:03,55,59,8251,17609
2023-11-08 14:00:03,55,58,8251,17609
2023-11-08 14:00:03,56,58,8251,17609
2023-11-08 14:00:06,56,59,8251,17609
2023-11-08 14:00:10,57,59,8251,17609
2023-11-08 14:00:27,57,60,8251,17609
2023-11-08 14:00:27,57,59,8251,17609
2023-11-08 14:00:33,58,59,8251,17609
2023-11-08 14:00:33,58,60,8251,17609
2023-11-08 14:00:34,58,61,8251,17609
2023-11-08 14:00:38,58,60,8251,17609
2023-11-08 14:00:52,58,61,8251,17609
2023-11-08 14:00:53,58,60,8251,17609
2023-11-08 14:00:55,58,61,8251,17609
2023-11-08 14:00:55,58,60,8251,17609
2023-11-08 14:00:56,58,61,8251,17609
2023-11-08 14:01:03,58,60,8251,17609
2023-11-08 14:01:06,58,61,8251,17609
2023-11-08 14:01:06,58,60,8251,17609
2023-11-08 14:01:14,57,60,8251,17609
2023-11-08 14:01:15,57,59,8251,17609
2023-11-08 14:01:29,56,59,8251,17609
2023-11-08 14:01:29,57,59,8251,17609
2023-11-08 14:01:30,55,59,8251,17609
2023-11-08 14:01:30,56,59,8251,17609
2023-11-08 14:01:31,56,58,8251,17609
2023-11-08 14:01:34,55,58,8251,17609
2023-11-08 14:01:36,56,58,8251,17609
2023-11-08 14:01:39,55,58,8251,17609
2023-11-08 14:01:40,55,57,8251,17609
2023-11-08 14:01:58,54,57,8251,17609
2023-11-08 14:02:00,54,56,8251,17609
2023-11-08 14:02:02,53,56,8251,17609
2023-11-08 14:02:03,53,55,8251,17609
2023-11-08 14:02:03,52,55,8251,17609
2023-11-08 14:02:03,53,55,8251,17609
2023-11-08 14:02:04,52,55,8251,17609
2023-11-08 14:02:04,53,55,8251,17609
2023-11-08 14:02:07,52,55,8251,17609
2023-11-08 14:02:07,53,55,8251,17609
2023-11-08 14:02:07,52,55,8251,17609
2023-11-08 14:02:12,53,55,8251,17609
2023-11-08 14:02:18,52,55,8251,17609
2023-11-08 14:02:18,53,55,8251,17609
2023-11-08 14:02:22,53,56,8251,17609
2023-11-08 14:02:25,54,56,8251,17609
2023-11-08 14:02:31,54,55,8251,17609
2023-11-08 14:02:31,52,55,8251,17609
2023-11-08 14:02:31,53,55,8251,17609
2023-11-08 14:02:32,52,55,8251,17609
2023-11-08 14:02:32,53,55,8251,17609
2023-11-08 14:02:46,53,56,8251,17609
2023-11-08 14:02:49,53,55,8251,17609
2023-11-08 14:02:50,52,55,8251,17609
2023-11-08 14:02:50,53,55,8251,17609
2023-11-08 14:02:51,52,55,8251,17609
2023-11-08 14:02:51,53,55,8251,17609
2023-11-08 14:02:57,53,54,8251,17609
2023-11-08 14:02:57,51,54,8251,17609
2023-11-08 14:02:58,51,55,8251,17609
2023-11-08 14:02:58,51,54,8251,17609
2023-11-08 14:02:58,52,54,8251,17609
2023-11-08 14:02:59,51,54,8251,17609
2023-11-08 14:02:59,52,54,8251,17609
2023-11-08 14:03:04,52,53,8251,17609
2023-11-08 14:03:05,52,54,8251,17609
2023-11-08 14:03:12,52,53,8251,17609
2023-11-08 14:03:13,51,53,8251,17609
2023-11-08 14:03:13,52,53,8251,17609
2023-11-08 14:03:16,52,54,8251,17609
2023-11-08 14:03:19,52,55,8251,17609
2023-11-08 14:03:20,52,54,8251,17609
2023-11-08 14:03:28,52,53,8251,17609
2023-11-08 14:03:29,51,53,8251,17609
2023-11-08 14:03:30,51,52,8251,17609
2023-11-08 14:03:33,50,52,8251,17609
2023-11-08 14:03:33,51,52,8251,17609
2023-11-08 14:03:47,49,52,8251,17609
2023-11-08 14:03:47,51,52,8251,17609
2023-11-08 14:03:48,49,52,8251,17609
2023-11-08 14:03:48,50,52,8251,17609
2023-11-08 14:03:54,49,52,8251,17609
2023-11-08 14:03:54,51,52,8251,17609
2023-11-08 14:04:00,49,52,8251,17609
2023-11-08 14:04:00,50,52,8251,17609
2023-11-08 14:04:01,50,51,8251,17609
2023-11-08 14:04:06,50,52,8251,17609
2023-11-08 14:04:08,50,51,8251,17609
2023-11-08 14:04:12,49,51,8251,17609
2023-11-08 14:04:16,49,50,8251,17609
2023-11-08 14:04:17,49,50,8251,17809
2023-11-08 14:04:17,48,50,8251,18209
2023-11-08 14:04:17,47,50,8390,18348
2023-11-08 14:04:17,45,50,8490,18448
2023-11-08 14:04:18,46,50,8490,18448
2023-11-08 14:04:18,47,50,8490,18448
2023-11-08 14:04:18,47,52,8490,18448
2023-11-08 14:04:18,47,49,8490,18448
2023-11-08 14:04:19,47,48,8490,18448
2023-11-08 14:04:27,47,48,8490,18648
2023-11-08 14:04:27,47,50,8490,18648
2023-11-08 14:04:27,47,49,8490,18648
2023-11-08 14:04:28,46,49,8490,18648
2023-11-08 14:04:28,46,48,8490,18648
2023-11-08 14:04:35,45,48,8490,18648
2023-11-08 14:04:42,45,47,8490,18648
2023-11-08 14:04:43,45,48,8490,18648
2023-11-08 14:04:43,45,47,8490,18648
2023-11-08 14:04:44,45,48,8490,18648
2023-11-08 14:04:45,46,48,8490,18648
2023-11-08 14:04:46,46,50,8490,18648
2023-11-08 14:04:46,46,49,8490,18648
2023-11-08 14:04:48,47,49,8490,18648
2023-11-08 14:04:49,47,51,8490,18648
2023-11-08 14:04:49,47,50,8490,18648
2023-11-08 14:04:52,48,50,8490,18648
2023-11-08 14:04:54,47,50,8490,18648
2023-11-08 14:04:54,48,50,8490,18648
2023-11-08 14:05:01,47,50,8490,18648
2023-11-08 14:05:03,47,49,8490,18648
2023-11-08 14:05:05,47,50,8490,18648
2023-11-08 14:05:10,47,49,8490,18648
2023-11-08 14:05:11,46,49,8490,18648
2023-11-08 14:05:11,47,49,8490,18648
2023-11-08 14:05:13,46,49,8490,18648
2023-11-08 14:05:14,46,48,8490,18648
2023-11-08 14:05:16,45,48,8490,18648
2023-11-08 14:05:17,46,48,8490,18648
2023-11-08 14:05:20,45,48,8490,18648
2023-11-08 14:05:22,45,47,8490,18648
2023-11-08 14:05:23,45,48,8490,18648
2023-11-08 14:05:26,45,47,8490,18648
2023-11-08 14:05:27,45,48,8490,18648
2023-11-08 14:05:27,45,47,8490,18648
2023-11-08 14:05:34,44,47,8490,18648
2023-11-08 14:05:34,45,47,8490,18648
2023-11-08 14:05:35,45,48,8490,18648
2023-11-08 14:05:35,44,48,8490,18648
2023-11-08 14:05:35,44,47,8490,18648
2023-11-08 14:05:35,45,47,8490,18648
2023-11-08 14:05:37,44,47,8490,18648
2023-11-08 14:05:39,45,47,8490,18648
2023-11-08 14:05:41,44,47,8490,18648
2023-11-08 14:05:42,44,46,8490,18648
2023-11-08 14:05:43,44,47,8490,18648
2023-11-08 14:05:45,45,47,8490,18648
2023-11-08 14:05:45,45,49,8490,18648
2023-11-08 14:05:45,45,48,8490,18648
2023-11-08 14:05:46,45,47,8490,18648
2023-11-08 14:05:51,45,49,8490,18648
2023-11-08 14:05:51,45,48,8490,18648
2023-11-08 14:05:52,46,48,8490,18648
2023-11-08 14:06:07,46,49,8490,18648
2023-11-08 14:06:07,46,48,8490,18648
2023-11-08 14:06:14,46,49,8490,18648
2023-11-08 14:06:14,45,49,8490,18648
2023-11-08 14:06:14,46,49,8490,18648
2023-11-08 14:06:14,46,48,8490,18648
2023-11-08 14:06:14,45,48,8490,18648
2023-11-08 14:06:16,45,47,8490,18648
2023-11-08 14:06:18,44,47,8490,18648
2023-11-08 14:06:19,44,46,8490,18648
2023-11-08 14:06:21,44,48,8490,18648
2023-11-08 14:06:21,44,47,8490,18648
2023-11-08 14:06:22,44,46,8490,18648
2023-11-08 14:06:37,44,45,8490,18648
2023-11-08 14:06:41,44,47,8490,18648
2023-11-08 14:06:41,44,46,8490,18648
2023-11-08 14:06:42,44,45,8490,18648
2023-11-08 14:06:51,44,47,8490,18648
2023-11-08 14:06:51,44,46,8490,18648
2023-11-08 14:06:52,44,45,8490,18648
2023-11-08 14:06:56,44,47,8490,18648
2023-11-08 14:06:56,44,46,8490,18648
2023-11-08 14:06:57,44,45,8490,18648
2023-11-08 14:07:06,44,47,8490,18648
2023-11-08 14:07:06,44,46,8490,18648
2023-11-08 14:07:07,44,45,8490,18648
2023-11-08 14:07:08,44,47,8490,18648
2023-11-08 14:07:08,44,46,8490,18648
2023-11-08 14:07:12,43,46,8490,18648
2023-11-08 14:07:12,43,45,8490,18648
2023-11-08 14:07:19,42,45,8490,18648
2023-11-08 14:07:20,42,44,8490,18648
2023-11-08 14:07:25,41,44,8490,18648
2023-11-08 14:07:27,41,43,8490,18648
2023-11-08 14:07:29,41,44,8490,18648
2023-11-08 14:07:29,41,43,8490,18648
2023-11-08 14:07:32,41,45,8490,18648
2023-11-08 14:07:32,41,44,8490,18648
2023-11-08 14:07:39,41,43,8490,18648
2023-11-08 14:07:51,41,42,8490,18648
2023-11-08 14:08:23,41,43,8490,18648
2023-11-08 14:08:35,41,44,8490,18648
2023-11-08 14:08:35,41,43,8490,18648
2023-11-08 14:08:46,41,42,8490,18648
2023-11-08 14:08:47,41,43,8490,18648
2023-11-08 14:08:49,41,42,8490,18648
2023-11-08 14:09:19,41,43,8490,18648
2023-11-08 14:09:19,41,42,8490,18648
2023-11-08 14:09:27,41,43,8490,18648
2023-11-08 14:09:43,41,42,8490,18648
2023-11-08 14:09:48,41,43,8490,18648
2023-11-08 14:09:48,41,42,8490,18648
2023-11-08 14:09:49,41,43,8490,18648
2023-11-08 14:09:51,41,42,8490,18648
2023-11-08 14:09:53,41,43,8490,18648
2023-11-08 14:09:53,41,42,8490,18648
2023-11-08 14:09:58,41,43,8490,18648
2023-11-08 14:09:58,41,42,8490,18648
2023-11-08 14:10:38,41,43,8490,18648
2023-11-08 14:10:38,41,42,8490,18648
2023-11-08 14:10:54,41,43,8490,18648
2023-11-08 14:10:54,41,42,8490,18648
2023-11-08 14:10:55,41,43,8490,18648
2023-11-08 14:10:55,41,42,8490,18648
2023-11-08 14:10:56,41,43,8490,18648
2023-11-08 14:10:57,41,44,8490,18648
2023-11-08 14:10:58,41,43,8490,18648
2023-11-08 14:11:04,41,44,8490,18648
2023-11-08 14:11:05,41,43,8490,18648
2023-11-08 14:11:27,41,42,8490,18648
2023-11-08 14:11:35,41,43,8490,18648
2023-11-08 14:11:58,41,44,8490,18648
2023-11-08 14:11:58,41,43,8490,18648
2023-11-08 14:12:00,41,45,8490,18648
2023-11-08 14:12:00,41,44,8490,18648
2023-11-08 14:12:01,41,45,8490,18648
2023-11-08 14:12:01,42,45,8490,18648
2023-11-08 14:12:01,42,44,8490,18648
2023-11-08 14:12:04,42,46,8490,18648
2023-11-08 14:12:04,42,45,8490,18648
2023-11-08 14:12:09,43,45,8490,18648
2023-11-08 14:12:12,42,45,8490,18648
2023-11-08 14:12:18,42,44,8490,18648
2023-11-08 14:12:23,41,44,8490,18648
2023-11-08 14:12:24,42,44,8490,18648
2023-11-08 14:12:31,41,44,8490,18648
2023-11-08 14:12:32,42,44,8490,18648
2023-11-08 14:12:33,41,44,8490,18648
2023-11-08 14:12:34,41,43,8490,18648
2023-11-08 14:12:42,41,44,8490,18648
2023-11-08 14:12:43,41,43,8490,18648
2023-11-08 14:12:44,41,44,8490,18648
2023-11-08 14:12:44,41,43,8490,18648
2023-11-08 14:12:45,41,44,8490,18648
2023-11-08 14:12:49,41,43,8490,18648
2023-11-08 14:12:50,41,45,8490,18648
2023-11-08 14:12:50,41,44,8490,18648
2023-11-08 14:12:51,42,44,8490,18648
2023-11-08 14:12:52,41,44,8490,18648
2023-11-08 14:12:53,42,44,8490,18648
2023-11-08 14:13:23,41,44,8490,18648
2023-11-08 14:13:25,42,44,8490,18648
2023-11-08 14:13:27,41,44,8490,18648
2023-11-08 14:13:28,42,44,8490,18648
2023-11-08 14:13:34,41,44,8490,18648
2023-11-08 14:13:34,42,44,8490,18648
2023-11-08 14:13:35,41,44,8490,18648
2023-11-08 14:13:35,42,44,8490,18648
2023-11-08 14:13:36,41,44,8490,18648
2023-11-08 14:13:46,42,44,8490,18648
2023-11-08 14:13:47,41,44,8490,18648
2023-11-08 14:13:49,41,43,8490,18648
2023-11-08 14:13:51,41,44,8490,18648
2023-11-08 14:13:52,41,43,8490,18648
2023-11-08 14:13:53,41,44,8490,18648
2023-11-08 14:14:00,41,43,8490,18648
2023-11-08 14:14:04,41,44,8490,18648
2023-11-08 14:14:08,42,44,8490,18648
2023-11-08 14:14:10,42,45,8490,18648
2023-11-08 14:14:10,42,44,8490,18648
2023-11-08 14:14:11,42,45,8490,18648
2023-11-08 14:14:11,42,44,8490,18648
2023-11-08 14:14:12,42,45,8490,18648
2023-11-08 14:14:12,42,44,8490,18648
2023-11-08 14:14:20,42,46,8490,18648
2023-11-08 14:14:20,42,45,8490,18648
2023-11-08 14:14:21,43,45,8490,18648
2023-11-08 14:14:23,43,47,8490,18648
2023-11-08 14:14:23,43,46,8490,18648
2023-11-08 14:14:26,43,45,8490,18648
2023-11-08 14:14:36,43,47,8490,18648
2023-11-08 14:14:36,43,46,8490,18648
2023-11-08 14:14:37,43,45,8490,18648
2023-11-08 14:14:38,43,47,8490,18648
2023-11-08 14:14:38,43,46,8490,18648
2023-11-08 14:14:43,44,46,8490,18648
2023-11-08 14:15:01,43,46,8490,18648
2023-11-08 14:15:02,44,46,8490,18648
2023-11-08 14:15:15,43,46,8490,18648
2023-11-08 14:15:17,43,45,8490,18648
2023-11-08 14:15:51,42,45,8490,18648
2023-11-08 14:15:54,42,44,8490,18648
2023-11-08 14:15:56,41,44,8490,18648
2023-11-08 14:16:01,41,43,8490,18648
2023-11-08 14:16:31,41,42,8490,18648
2023-11-08 14:16:35,41,43,8490,18648
2023-11-08 14:16:35,41,42,8490,18648
2023-11-08 14:16:43,41,43,8490,18648
2023-11-08 14:16:45,41,44,8490,18648
2023-11-08 14:16:45,41,43,8490,18648
2023-11-08 14:16:55,41,42,8490,18648
2023-11-08 14:17:05,39,41,8459,18679
2023-11-08 14:17:05,39,42,8459,18679
2023-11-08 14:17:05,39,43,8459,18679
2023-11-08 14:17:05,39,42,8459,18679
2023-11-08 14:17:09,39,41,8459,18679
2023-11-08 14:17:14,39,42,8459,18679
2023-11-08 14:17:20,39,41,8459,18679
2023-11-08 14:17:29,39,43,8459,18679
2023-11-08 14:17:29,39,42,8459,18679
2023-11-08 14:17:29,39,41,8459,18679
2023-11-08 14:17:39,38,41,8459,18679
2023-11-08 14:17:39,39,41,8459,18679
2023-11-08 14:17:39,38,41,8459,18679
2023-11-08 14:17:40,38,40,8459,18679
2023-11-08 14:17:42,38,41,8459,18679
2023-11-08 14:17:46,39,41,8459,18679
2023-11-08 14:17:56,38,41,8459,18679
2023-11-08 14:17:57,39,41,8459,18679
2023-11-08 14:18:10,39,42,8459,18679
2023-11-08 14:18:21,40,42,8459,18679
2023-11-08 14:18:22,39,42,8459,18679
2023-11-08 14:18:22,40,42,8459,18679
2023-11-08 14:18:54,40,43,8459,18679
2023-11-08 14:18:54,39,43,8459,18679
2023-11-08 14:18:54,39,42,8459,18679
2023-11-08 14:19:02,40,43,8459,18679
2023-11-08 14:19:06,41,43,8459,18679
2023-11-08 14:19:10,41,45,8459,18679
2023-11-08 14:19:10,40,45,8459,18679
2023-11-08 14:19:10,40,43,8459,18679
2023-11-08 14:19:10,41,43,8459,18679
2023-11-08 14:19:12,41,45,8459,18679
2023-11-08 14:19:12,41,44,8459,18679
2023-11-08 14:19:13,42,44,8459,18679
2023-11-08 14:19:15,41,44,8459,18679
2023-11-08 14:19:15,42,44,8459,18679
2023-11-08 14:19:16,40,44,8459,18679
2023-11-08 14:19:16,41,44,8459,18679
2023-11-08 14:19:19,41,45,8459,18679
2023-11-08 14:19:19,42,45,8459,18679
2023-11-08 14:19:20,42,44,8459,18679
2023-11-08 14:19:33,41,44,8459,18679
2023-11-08 14:19:34,42,44,8459,18679
2023-11-08 14:19:37,40,44,8459,18679
2023-11-08 14:19:37,41,44,8459,18679
2023-11-08 14:19:39,42,44,8459,18679
2023-11-08 14:19:40,40,44,8459,18679
2023-11-08 14:19:40,41,44,8459,18679
2023-11-08 14:19:43,40,44,8459,18679
2023-11-08 14:19:43,40,43,8459,18679
2023-11-08 14:19:52,40,44,8459,18679
2023-11-08 14:19:58,41,44,8459,18679
2023-11-08 14:20:02,41,45,8459,18679
2023-11-08 14:20:24,40,45,8459,18679
2023-11-08 14:20:26,40,44,8459,18679
2023-11-08 14:20:35,39,44,8459,18679
2023-11-08 14:20:36,40,44,8459,18679
2023-11-08 14:20:41,39,44,8459,18679
2023-11-08 14:20:41,39,43,8459,18679
2023-11-08 14:20:57,39,42,8459,18679
2023-11-08 14:21:01,38,42,8459,18679
2023-11-08 14:21:03,39,42,8459,18679
2023-11-08 14:21:08,40,42,8459,18679
2023-11-08 14:21:10,38,42,8459,18679
2023-11-08 14:21:10,39,42,8459,18679
2023-11-08 14:21:11,38,42,8459,18679
2023-11-08 14:21:11,39,42,8459,18679
2023-11-08 14:21:16,38,42,8459,18679
2023-11-08 14:21:17,39,42,8459,18679
2023-11-08 14:21:23,38,42,8459,18679
2023-11-08 14:21:41,39,42,8459,18679
2023-11-08 14:21:42,38,42,8459,18679
2023-11-08 14:21:49,38,41,8459,18679
2023-11-08 14:21:56,38,42,8459,18679
2023-11-08 14:22:01,38,41,8459,18679
2023-11-08 14:22:16,38,40,8459,18679
2023-11-08 14:22:18,38,42,8459,18679
2023-11-08 14:22:18,38,41,8459,18679
2023-11-08 14:22:23,38,40,8459,18679
2023-11-08 14:22:25,37,40,8459,18679
2023-11-08 14:22:25,37,39,8459,18679
2023-11-08 14:22:28,36,39,8459,18679
2023-11-08 14:22:43,36,38,8459,18679
2023-11-08 14:22:44,35,38,8459,18679
2023-11-08 14:22:45,35,39,8459,18679
2023-11-08 14:22:45,35,38,8459,18679
2023-11-08 14:22:45,35,37,8459,18679
2023-11-08 14:22:47,35,40,8459,18679
2023-11-08 14:22:47,35,38,8459,18679
2023-11-08 14:23:00,36,38,8459,18679
2023-11-08 14:23:03,36,40,8459,18679
2023-11-08 14:23:03,36,39,8459,18679
2023-11-08 14:23:05,36,40,8459,18679
2023-11-08 14:23:05,36,41,8459,18679
2023-11-08 14:23:05,36,40,8459,18679
2023-11-08 14:23:07,37,40,8459,18679
2023-11-08 14:23:19,37,39,8459,18679
2023-11-08 14:23:19,36,39,8459,18679
2023-11-08 14:23:20,35,39,8459,18679
2023-11-08 14:23:20,36,39,8459,18679
2023-11-08 14:23:27,35,39,8459,18679
2023-11-08 14:23:29,36,39,8459,18679
2023-11-08 14:23:29,36,40,8459,18679
2023-11-08 14:23:30,37,40,8459,18679
2023-11-08 14:23:31,37,41,8459,18679
2023-11-08 14:23:32,38,41,8459,18679
2023-11-08 14:23:49,36,41,8459,18679
2023-11-08 14:23:49,37,41,8459,18679
2023-11-08 14:23:51,37,40,8459,18679
2023-11-08 14:23:59,37,39,8459,18679
2023-11-08 14:23:59,35,39,8459,18679
2023-11-08 14:23:59,36,39,8459,18679
2023-11-08 14:24:06,36,38,8459,18679
2023-11-08 14:24:27,35,38,8459,18679
2023-11-08 14:24:40,35,38,8463,18683
2023-11-08 14:24:55,35,39,8463,18883
2023-11-08 14:24:56,36,39,8463,18883
2023-11-08 14:25:01,36,40,8463,18883
2023-11-08 14:25:01,36,42,8463,18883
2023-11-08 14:25:01,36,41,8463,18883
2023-11-08 14:25:01,36,40,8463,18883
2023-11-08 14:25:03,38,40,8463,18883
2023-11-08 14:25:03,38,41,8463,18883
2023-11-08 14:25:03,38,43,8463,18883
2023-11-08 14:25:03,38,41,8463,18883
2023-11-08 14:25:03,38,42,8463,18883
2023-11-08 14:25:04,38,41,8463,18883
2023-11-08 14:25:19,39,41,8463,18883
2023-11-08 14:25:20,38,41,8463,18883
2023-11-08 14:25:23,39,41,8463,18883
2023-11-08 14:25:35,38,41,8463,18883
2023-11-08 14:25:39,38,40,8463,18883
2023-11-08 14:25:45,37,40,8463,18883
2023-11-08 14:25:45,36,40,8463,18883
2023-11-08 14:25:45,37,40,8463,18883
2023-11-08 14:25:52,38,40,8463,18883
2023-11-08 14:26:01,37,40,8463,18883
2023-11-08 14:26:01,38,40,8463,18883
2023-11-08 14:26:10,38,41,8463,18883
2023-11-08 14:26:11,38,40,8463,18883
2023-11-08 14:26:15,38,41,8463,18883
2023-11-08 14:26:16,38,40,8463,18883
2023-11-08 14:26:17,38,41,8463,18883
2023-11-08 14:26:17,38,40,8463,18883
2023-11-08 14:26:18,38,41,8463,18883
2023-11-08 14:26:28,38,40,8463,18883
2023-11-08 14:26:30,38,41,8463,18883
2023-11-08 14:26:31,38,40,8463,18883
2023-11-08 14:26:33,38,41,8463,18883
2023-11-08 14:26:36,39,41,8463,18883
2023-11-08 14:26:36,39,43,8463,18883
2023-11-08 14:26:36,39,42,8463,18883
2023-11-08 14:26:45,40,42,8463,18883
2023-11-08 14:26:47,40,44,8463,18883
2023-11-08 14:26:47,40,43,8463,18883
2023-11-08 14:26:50,41,43,8463,18883
2023-11-08 14:26:54,39,43,8463,18883
2023-11-08 14:26:54,40,43,8463,18883
2023-11-08 14:26:55,41,43,8463,18883
2023-11-08 14:26:57,39,43,8463,18883
2023-11-08 14:26:57,40,43,8463,18883
2023-11-08 14:27:01,40,42,8463,18883
2023-11-08 14:27:02,40,44,8463,18883
2023-11-08 14:27:02,40,43,8463,18883
2023-11-08 14:27:11,40,42,8463,18883
2023-11-08 14:27:16,39,42,8463,18883
2023-11-08 14:27:16,39,42,8463,18883
2023-11-08 14:27:16,40,42,8463,18883
2023-11-08 14:27:34,39,42,8463,18883
2023-11-08 14:27:34,38,42,8463,18883
2023-11-08 14:27:34,39,42,8463,18883
2023-11-08 14:27:35,39,41,8463,18883
2023-11-08 14:27:38,39,42,8463,18883
2023-11-08 14:27:38,39,41,8463,18883
2023-11-08 14:27:42,39,42,8463,18883
2023-11-08 14:27:42,39,41,8463,18883
2023-11-08 14:27:43,39,42,8463,18883
2023-11-08 14:27:44,40,42,8463,18883
2023-11-08 14:27:45,40,43,8463,18883
2023-11-08 14:27:45,40,42,8463,18883
2023-11-08 14:27:51,39,42,8463,18883
2023-11-08 14:27:52,39,41,8463,18883
2023-11-08 14:27:58,37,41,8463,18883
2023-11-08 14:27:58,38,41,8463,18883
2023-11-08 14:27:59,37,41,8463,18883
2023-11-08 14:28:00,37,40,8463,18883
2023-11-08 14:28:02,36,40,8463,18883
2023-11-08 14:28:03,36,39,8463,18883
2023-11-08 14:28:13,35,39,8463,18883
2023-11-08 14:28:14,35,38,8463,18883
2023-11-08 14:28:23,35,40,8463,18883
2023-11-08 14:28:23,35,39,8463,18883
2023-11-08 14:28:27,35,38,8463,18883
2023-11-08 14:28:33,36,38,8463,18883
2023-11-08 14:28:33,36,40,8463,18883
2023-11-08 14:28:33,36,39,8463,18883
2023-11-08 14:28:34,35,39,8463,18883
2023-11-08 14:28:35,36,39,8463,18883
2023-11-08 14:28:39,35,39,8463,18883
2023-11-08 14:28:50,35,38,8463,18883
2023-11-08 14:28:58,35,40,8463,18883
2023-11-08 14:28:58,35,39,8463,18883
2023-11-08 14:29:03,36,39,8463,18883
2023-11-08 14:29:08,36,41,8463,18883
2023-11-08 14:29:08,36,40,8463,18883
2023-11-08 14:29:12,36,39,8463,18883
2023-11-08 14:29:24,35,39,8463,18883
2023-11-08 14:29:40,36,39,8463,18883
2023-11-08 14:29:41,35,39,8463,18883
2023-11-08 14:29:42,36,39,8463,18883
2023-11-08 14:29:48,35,39,8463,18883
2023-11-08 14:29:52,36,39,8463,18883
2023-11-08 14:29:53,35,39,8463,18883
2023-11-08 14:29:56,36,39,8463,18883
2023-11-08 14:30:03,35,39,8463,18883
2023-11-08 14:30:03,35,38,8463,18883
2023-11-08 14:30:07,35,40,8463,18883
2023-11-08 14:30:07,35,39,8463,18883
2023-11-08 14:30:20,36,39,8463,18883
2023-11-08 14:30:20,36,41,8463,18883
2023-11-08 14:30:20,36,40,8463,18883
2023-11-08 14:30:26,36,39,8463,18883
2023-11-08 14:30:27,36,38,8463,18883
2023-11-08 14:30:28,35,38,8463,18883
2023-11-08 14:30:29,35,39,8463,18883
2023-11-08 14:30:29,35,38,8463,18883
2023-11-08 14:30:40,35,39,8463,18883
2023-11-08 14:30:51,35,38,8463,18883
2023-11-08 14:31:07,35,37,8463,18883
2023-11-08 14:31:08,33,37,8463,18883
2023-11-08 14:31:37,33,36,8463,18883
2023-11-08 14:31:38,34,36,8463,18883
2023-11-08 14:31:48,34,37,8463,18883
2023-11-08 14:31:52,33,37,8463,18883
2023-11-08 14:31:52,35,37,8463,18883
2023-11-08 14:31:55,33,37,8463,18883
2023-11-08 14:31:55,35,37,8463,18883
2023-11-08 14:31:58,33,37,8463,18883
2023-11-08 14:31:58,33,36,8463,18883
2023-11-08 14:31:58,34,36,8463,18883
2023-11-08 14:32:05,34,37,8463,18883
2023-11-08 14:32:10,34,36,8463,18883
2023-11-08 14:32:14,34,35,8463,18883
2023-11-08 14:32:16,32,35,8463,18883
2023-11-08 14:32:16,32,34,8463,18883
2023-11-08 14:32:16,31,34,8463,18883
2023-11-08 14:32:16,33,34,8463,18883
2023-11-08 14:32:20,33,35,8463,18883
2023-11-08 14:32:24,33,36,8463,18883
2023-11-08 14:32:25,33,38,8463,18883
2023-11-08 14:32:25,33,37,8463,18883
2023-11-08 14:32:28,34,37,8463,18883
2023-11-08 14:32:44,34,36,8463,18883
2023-11-08 14:32:46,34,37,8463,18883
2023-11-08 14:32:53,33,37,8463,18883
2023-11-08 14:32:53,35,37,8463,18883
2023-11-08 14:32:55,35,38,8463,18883
2023-11-08 14:32:56,35,39,8463,18883
2023-11-08 14:32:56,36,39,8463,18883
2023-11-08 14:32:56,36,39,8621,19041
2023-11-08 14:32:57,36,38,8621,19041
2023-11-08 14:32:57,36,37,8621,19041
2023-11-08 14:33:05,36,38,8821,19241
2023-11-08 14:33:06,36,40,8821,19241
2023-11-08 14:33:06,36,39,8821,19241
2023-11-08 14:33:09,37,39,8821,19241
2023-11-08 14:33:18,37,42,8821,19241
2023-11-08 14:33:18,37,41,8821,19241
2023-11-08 14:33:19,38,41,8821,19241
2023-11-08 14:33:19,38,40,8821,19241
2023-11-08 14:33:19,38,39,8821,19241
2023-11-08 14:33:19,38,42,8821,19241
2023-11-08 14:33:20,38,40,8821,19241
2023-11-08 14:33:20,38,39,8821,19241
2023-11-08 14:33:20,38,44,8821,19241
2023-11-08 14:33:20,38,40,8821,19241
2023-11-08 14:33:20,38,43,8821,19241
2023-11-08 14:33:20,38,42,8821,19241
2023-11-08 14:33:21,38,41,8821,19241
2023-11-08 14:33:23,39,41,8821,19241
2023-11-08 14:33:26,39,44,8821,19241
2023-11-08 14:33:26,39,43,8821,19241
2023-11-08 14:33:26,39,42,8821,19241
2023-11-08 14:33:28,40,42,8821,19241
2023-11-08 14:33:29,40,45,8821,19241
2023-11-08 14:33:29,40,43,8821,19241
2023-11-08 14:33:29,40,42,8821,19241
2023-11-08 14:33:30,40,45,8821,19241
2023-11-08 14:33:30,40,43,8821,19241
2023-11-08 14:33:30,40,42,8821,19241
2023-11-08 14:33:30,40,44,8821,19241
2023-11-08 14:33:31,40,43,8821,19241
2023-11-08 14:33:31,40,42,8821,19241
2023-11-08 14:33:31,40,45,8821,19241
2023-11-08 14:33:31,40,44,8821,19241
2023-11-08 14:33:31,40,43,8821,19241
2023-11-08 14:33:32,40,42,8821,19241
2023-11-08 14:33:32,40,44,8821,19241
2023-11-08 14:33:32,40,43,8821,19241
2023-11-08 14:33:32,40,42,8821,19241
2023-11-08 14:33:33,40,44,8821,19241
2023-11-08 14:33:33,40,43,8821,19241
2023-11-08 14:33:33,40,42,8821,19241
2023-11-08 14:33:33,40,43,8821,19241
2023-11-08 14:33:34,40,42,8821,19241
2023-11-08 14:33:35,40,43,8821,19241
2023-11-08 14:33:39,40,42,8821,19241
2023-11-08 14:33:41,40,44,8821,19241
2023-11-08 14:33:44,40,42,8821,19241
2023-11-08 14:33:44,40,41,8821,19241
2023-11-08 14:33:44,40,44,8821,19241
2023-11-08 14:33:45,40,42,8821,19241
2023-11-08 14:33:45,40,41,8821,19241
2023-11-08 14:33:45,40,44,8821,19241
2023-11-08 14:33:45,40,43,8821,19241
2023-11-08 14:33:48,41,43,8821,19241
2023-11-08 14:33:52,41,45,8821,19241
2023-11-08 14:33:53,42,44,8821,19241
2023-11-08 14:34:11,42,45,8821,19241
2023-11-08 14:34:12,43,45,8821,19241
2023-11-08 14:34:12,43,47,8821,19241
2023-11-08 14:34:13,44,46,8821,19241
2023-11-08 14:34:13,44,48,8821,19241
2023-11-08 14:34:13,44,47,8821,19241
2023-11-08 14:34:14,42,47,8821,19241
2023-11-08 14:34:14,42,46,8821,19241
2023-11-08 14:34:14,44,46,8821,19241
2023-11-08 14:34:14,44,45,8821,19241
2023-11-08 14:34:15,44,48,8821,19241
2023-11-08 14:34:15,44,46,8821,19241
2023-11-08 14:34:15,44,45,8821,19241
2023-11-08 14:34:15,44,46,8821,19241
2023-11-08 14:34:22,45,46,8821,19241
2023-11-08 14:34:25,43,46,8821,19241
2023-11-08 14:34:26,45,46,8821,19241
2023-11-08 14:34:26,45,48,8821,19241
2023-11-08 14:34:26,45,47,8821,19241
2023-11-08 14:34:27,47,50,8956,19376
2023-11-08 14:34:27,47,49,8956,19376
2023-11-08 14:34:27,45,49,9021,19441
2023-11-08 14:34:27,45,47,9021,19441
2023-11-08 14:34:28,46,47,9021,19441
2023-11-08 14:34:28,47,49,9086,19506
2023-11-08 14:34:28,47,50,9086,19506
2023-11-08 14:34:28,47,49,9086,19506
2023-11-08 14:34:28,47,51,9086,19506
2023-11-08 14:34:29,47,50,9086,19506
2023-11-08 14:34:29,47,49,9086,19506
2023-11-08 14:34:29,47,51,9086,19506
2023-11-08 14:34:29,47,50,9086,19506
2023-11-08 14:34:30,47,49,9086,19506
2023-11-08 14:34:30,47,51,9086,19506
2023-11-08 14:34:30,47,50,9086,19506
2023-11-08 14:34:30,47,49,9086,19506
2023-11-08 14:34:31,47,51,9086,19506
2023-11-08 14:34:31,47,50,9086,19506
2023-11-08 14:34:31,47,49,9086,19506
2023-11-08 14:34:33,47,48,9086,19506
2023-11-08 14:34:39,47,51,9086,19506
2023-11-08 14:34:39,47,50,9086,19506
2023-11-08 14:34:39,47,49,9086,19506
2023-11-08 14:34:39,47,48,9086,19506
2023-11-08 14:34:40,47,50,9086,19506
2023-11-08 14:34:40,48,50,9086,19506
2023-11-08 14:34:40,48,51,9086,19506
2023-11-08 14:34:40,48,50,9086,19506
2023-11-08 14:34:41,49,50,9086,19506
2023-11-08 14:34:41,49,53,9086,19506
2023-11-08 14:34:41,49,52,9086,19506
2023-11-08 14:34:43,50,52,9086,19506
2023-11-08 14:34:48,48,52,9086,19506
2023-11-08 14:34:48,50,52,9086,19506
2023-11-08 14:34:50,48,52,9086,19506
2023-11-08 14:34:50,49,52,9086,19506
2023-11-08 14:34:51,47,52,9086,19506
2023-11-08 14:34:51,47,51,9086,19506
2023-11-08 14:34:51,47,50,9086,19506
2023-11-08 14:34:51,48,50,9086,19506
2023-11-08 14:34:52,48,52,9086,19506
2023-11-08 14:34:53,48,50,9086,19506
2023-11-08 14:34:53,48,49,9086,19506
2023-11-08 14:34:53,48,51,9086,19506
2023-11-08 14:35:00,48,52,9086,19506
2023-11-08 14:35:00,48,51,9086,19506
2023-11-08 14:35:01,48,51,9186,19606
2023-11-08 14:35:09,48,50,9186,19606
2023-11-08 14:35:09,47,50,9186,19606
2023-11-08 14:35:09,46,50,9186,19606
2023-11-08 14:35:09,47,50,9186,19606
2023-11-08 14:35:18,46,50,9186,19606
2023-11-08 14:35:18,48,50,9186,19606
2023-11-08 14:35:20,46,50,9186,19606
2023-11-08 14:35:20,47,50,9186,19606
2023-11-08 14:35:31,47,51,9186,19606
2023-11-08 14:35:34,48,51,9186,19606
2023-11-08 14:35:35,49,51,9186,19606
2023-11-08 14:35:35,49,52,9186,19606
2023-11-08 14:35:42,48,52,9186,19606
2023-11-08 14:35:42,50,52,9186,19606
2023-11-08 14:35:43,50,52,9278,19698
2023-11-08 14:35:45,50,53,9278,19698
2023-11-08 14:35:57,50,52,9278,19698
2023-11-08 14:35:57,48,52,9278,19698
2023-11-08 14:35:57,50,52,9278,19698
2023-11-08 14:36:01,50,53,9278,19698
2023-11-08 14:36:10,51,53,9278,19698
2023-11-08 14:36:11,49,53,9278,19698
2023-11-08 14:36:11,52,53,9278,19698
2023-11-08 14:36:13,49,53,9278,19698
2023-11-08 14:36:13,50,53,9278,19698
2023-11-08 14:36:20,51,53,9278,19698
2023-11-08 14:36:47,51,52,9278,19698
2023-11-08 14:36:48,48,52,9278,19950
2023-11-08 14:36:48,49,52,9278,19950
2023-11-08 14:36:52,49,53,9278,19950
2023-11-08 14:36:54,49,52,9278,19950
2023-11-08 14:37:03,49,53,9278,19950
2023-11-08 14:37:05,49,52,9278,19950
2023-11-08 14:37:06,49,53,9278,19950
2023-11-08 14:37:07,50,53,9278,19950
2023-11-08 14:37:21,51,53,9278,19950
2023-11-08 14:37:21,52,53,9278,19950
2023-11-08 14:37:21,52,54,9278,19950
2023-11-08 14:37:22,52,56,9278,19950
2023-11-08 14:37:26,52,55,9278,19950
2023-11-08 14:37:26,52,54,9278,19950
2023-11-08 14:37:32,50,54,9278,19950
2023-11-08 14:37:32,49,54,9278,19950
2023-11-08 14:37:32,50,54,9278,19950
2023-11-08 14:37:33,49,54,9278,19950
2023-11-08 14:37:33,50,54,9278,19950
2023-11-08 14:37:33,50,53,9278,19950
2023-11-08 14:37:33,50,52,9278,19950
2023-11-08 14:37:39,48,52,9278,19950
2023-11-08 14:37:39,47,52,9278,19950
2023-11-08 14:37:39,49,52,9278,19950
2023-11-08 14:37:40,49,51,9278,19950
2023-11-08 14:37:44,47,51,9278,20219
2023-11-08 14:37:44,48,51,9278,20219
2023-11-08 14:37:47,48,49,9278,20219
2023-11-08 14:37:47,48,49,9338,20279
2023-11-08 14:37:47,45,49,9338,20279
2023-11-08 14:37:47,45,48,9338,20279
2023-11-08 14:37:51,44,48,9338,20279
2023-11-08 14:37:55,45,48,9338,20279
2023-11-08 14:38:01,44,48,9338,20279
2023-11-08 14:38:06,45,48,9338,20279
2023-11-08 14:38:07,45,49,9338,20279
2023-11-08 14:38:08,45,48,9338,20279
2023-11-08 14:38:11,44,48,9338,20279
2023-11-08 14:38:11,45,48,9338,20279
2023-11-08 14:38:14,45,47,9338,20279
2023-11-08 14:38:53,42,45,9338,20380
2023-11-08 14:38:54,42,47,9338,20380
2023-11-08 14:38:54,42,46,9338,20380
2023-11-08 14:39:00,41,46,9338,20380
2023-11-08 14:39:03,41,45,9338,20380
2023-11-08 14:39:05,41,44,9338,20380
2023-11-08 14:39:06,39,44,9338,20380
2023-11-08 14:39:06,40,44,9338,20380
2023-11-08 14:39:47,40,43,9338,20380
2023-11-08 14:39:47,40,42,9338,20380
2023-11-08 14:39:48,38,42,9338,20380
2023-11-08 14:39:54,37,42,9338,20380
2023-11-08 14:39:59,37,40,9338,20380
2023-11-08 14:40:04,36,40,9338,20380
2023-11-08 14:40:14,36,39,9338,20380
2023-11-08 14:40:14,34,39,9338,20380
2023-11-08 14:40:14,35,39,9338,20380
2023-11-08 14:40:17,35,39,9338,20480
2023-11-08 14:40:33,37,39,9338,20480
2023-11-08 14:40:33,37,41,9338,20480
2023-11-08 14:40:51,38,41,9338,20480
2023-11-08 14:40:51,38,42,9338,20480
2023-11-08 14:41:02,40,42,9338,20480
2023-11-08 14:41:02,40,44,9338,20480
2023-11-08 14:41:02,40,43,9338,20480
2023-11-08 14:41:04,40,45,9338,20480
2023-11-08 14:41:05,41,45,9338,20480
2023-11-08 14:41:12,41,47,9338,20480
2023-11-08 14:41:12,41,46,9338,20480
2023-11-08 14:41:13,42,46,9338,20480
2023-11-08 14:41:23,42,47,9338,20480
2023-11-08 14:41:23,43,47,9338,20480
2023-11-08 14:41:25,44,47,9338,20480
2023-11-08 14:41:25,44,49,9338,20480
2023-11-08 14:41:26,44,47,9338,20480
2023-11-08 14:41:26,44,46,9338,20480
2023-11-08 14:41:26,44,48,9338,20480
2023-11-08 14:41:27,44,47,9338,20480
2023-11-08 14:41:27,46,47,9338,20480
2023-11-08 14:41:27,44,46,9538,20680
2023-11-08 14:41:27,45,46,9538,20680
2023-11-08 14:41:27,45,51,9538,20680
2023-11-08 14:41:27,45,50,9538,20680
2023-11-08 14:41:27,46,50,9538,20680
2023-11-08 14:41:30,46,49,9538,20680
2023-11-08 14:41:30,46,48,9538,20680
2023-11-08 14:41:30,46,50,9538,20680
2023-11-08 14:41:30,46,49,9538,20680
2023-11-08 14:41:35,46,48,9538,20680
2023-11-08 14:41:35,46,47,9538,20680
2023-11-08 14:41:38,46,49,9538,20680
2023-11-08 14:42:01,46,51,9538,20680
2023-11-08 14:42:01,46,50,9538,20680
2023-11-08 14:42:16,46,49,9538,20680
2023-11-08 14:42:16,46,48,9538,20680
2023-11-08 14:42:16,46,50,9538,20680
2023-11-08 14:42:21,46,48,9538,20680
2023-11-08 14:42:21,46,47,9538,20680
2023-11-08 14:42:46,46,49,9538,20680
2023-11-08 14:43:27,46,50,9538,20680
2023-11-08 14:43:41,46,49,9538,20680
2023-11-08 14:43:41,46,48,9538,20680
2023-11-08 14:43:41,46,49,9538,20680
2023-11-08 14:43:53,46,48,9538,20680
2023-11-08 14:43:53,46,47,9538,20680
2023-11-08 14:43:54,46,50,9538,20680
2023-11-08 14:43:54,46,49,9538,20680
2023-11-08 14:43:56,46,48,9538,20680
2023-11-08 14:43:56,46,47,9538,20680
2023-11-08 14:43:59,44,47,9578,20780
2023-11-08 14:44:13,43,47,9578,20780
2023-11-08 14:44:35,41,47,9578,20780
2023-11-08 14:44:35,42,47,9578,20780
2023-11-08 14:44:38,42,45,9578,20780
2023-11-08 14:44:39,40,45,9578,20780
2023-11-08 14:44:39,41,45,9578,20780
2023-11-08 14:44:40,41,44,9578,20780
2023-11-08 14:44:40,41,43,9578,20780
2023-11-08 14:44:44,39,43,9578,20780
2023-11-08 14:44:44,40,43,9578,20780
2023-11-08 14:44:52,37,43,9578,20780
2023-11-08 14:44:52,39,43,9578,20780
2023-11-08 14:45:08,39,43,9578,20789
2023-11-08 14:45:14,39,42,9578,20789
2023-11-08 14:45:17,39,43,9578,20789
2023-11-08 14:45:23,39,42,9578,20789
2023-11-08 14:45:44,39,44,9578,20789
2023-11-08 14:45:44,39,43,9578,20789
2023-11-08 14:45:48,38,43,9578,20789
2023-11-08 14:45:48,40,43,9578,20789
2023-11-08 14:46:16,40,42,9578,20789
2023-11-08 14:46:16,40,41,9578,20789
2023-11-08 14:46:19,40,42,9578,20789
2023-11-08 14:46:19,40,43,9578,20789
2023-11-08 14:46:23,40,45,9578,20789
2023-11-08 14:46:24,39,44,9578,20789
2023-11-08 14:46:24,40,44,9578,20789
2023-11-08 14:46:40,41,44,9578,20789
2023-11-08 14:46:40,41,45,9578,20789
2023-11-08 14:46:41,40,45,9578,20789
2023-11-08 14:46:51,40,44,9578,20789
2023-11-08 14:46:51,40,43,9578,20789
2023-11-08 14:46:56,38,43,9578,20789
2023-11-08 14:47:02,41,43,9578,20789
2023-11-08 14:47:12,39,43,9578,20789
2023-11-08 14:47:13,40,43,9578,20789
2023-11-08 14:47:13,40,45,9578,20789
2023-11-08 14:47:13,40,44,9578,20789
2023-11-08 14:47:22,41,44,9578,20789
2023-11-08 14:47:56,41,45,9578,20789
2023-11-08 14:48:22,40,45,9578,20789
2023-11-08 14:48:22,41,45,9578,20789
2023-11-08 14:48:24,41,46,9578,20789
2023-11-08 14:48:32,42,46,9578,20789
2023-11-08 14:48:50,42,47,9578,20789
2023-11-08 14:49:19,44,47,9578,20789
2023-11-08 14:49:26,42,47,9578,20789
2023-11-08 14:49:45,44,47,9578,20789
2023-11-08 14:49:54,44,49,9578,20789
2023-11-08 14:49:57,45,49,9578,20789
2023-11-08 14:49:59,45,51,9578,20789
2023-11-08 14:50:06,46,50,9578,20789
2023-11-08 14:50:07,46,52,9578,20789
2023-11-08 14:50:07,46,51,9578,20789
2023-11-08 14:50:19,48,51,9578,20789
2023-11-08 14:50:21,49,51,9578,20789
2023-11-08 14:50:21,49,53,9578,20789
2023-11-08 14:50:21,49,55,9578,20789
2023-11-08 14:50:24,49,53,9578,20789
2023-11-08 14:50:28,49,55,9578,20789
2023-11-08 14:50:30,49,53,9578,20789
2023-11-08 14:50:31,48,53,9578,20789
2023-11-08 14:50:31,48,52,9578,20789
2023-11-08 14:50:31,48,53,9578,20789
2023-11-08 14:50:43,48,52,9578,20789
2023-11-08 14:50:43,48,51,9578,20789
2023-11-08 14:50:44,48,53,9578,20789
2023-11-08 14:50:44,48,52,9578,20789
2023-11-08 14:50:48,48,54,9578,20789
2023-11-08 14:50:49,49,54,9578,20789
2023-11-08 14:50:50,49,53,9578,20789
2023-11-08 14:50:50,49,52,9578,20789
2023-11-08 14:50:51,49,54,9578,20789
2023-11-08 14:50:51,49,53,9578,20789
2023-11-08 14:50:54,48,53,9578,20789
2023-11-08 14:51:17,49,53,9578,20789
2023-11-08 14:51:18,49,54,9578,20789
2023-11-08 14:51:18,49,53,9578,20789
2023-11-08 14:51:18,49,54,9578,20789
2023-11-08 14:51:23,51,54,9578,20789
2023-11-08 14:51:23,51,55,9578,20789
2023-11-08 14:51:32,52,55,9578,20789
2023-11-08 14:51:32,52,56,9578,20789
2023-11-08 14:51:47,52,55,9578,20789
2023-11-08 14:51:47,51,55,9578,20789
2023-11-08 14:51:47,51,54,9578,20789
2023-11-08 14:51:48,49,54,9578,20789
2023-11-08 14:51:51,49,53,9578,20789
2023-11-08 14:52:00,49,55,9578,20789
2023-11-08 14:52:05,51,54,9578,20789
2023-11-08 14:52:08,51,57,9578,20789
2023-11-08 14:52:08,51,55,9578,20789
2023-11-08 14:52:08,51,54,9578,20789
2023-11-08 14:52:10,52,54,9578,20789
2023-11-08 14:52:15,51,54,9578,20789
2023-11-08 14:52:15,51,55,9778,21189
2023-11-08 14:52:17,51,54,9778,21189
2023-11-08 14:52:27,51,57,9778,21189
2023-11-08 14:52:27,51,56,9778,21189
2023-11-08 14:52:27,51,55,9778,21189
2023-11-08 14:52:28,52,55,9778,21189
2023-11-08 14:52:30,54,55,9778,21189
2023-11-08 14:52:30,54,56,9778,21189
2023-11-08 14:52:30,54,58,9778,21189
2023-11-08 14:52:30,54,56,9778,21189
2023-11-08 14:52:34,55,56,9778,21189
2023-11-08 14:52:34,55,59,9778,21189
2023-11-08 14:52:34,55,58,9778,21189
2023-11-08 14:52:34,55,57,9778,21189
2023-11-08 14:52:35,55,60,9778,21189
2023-11-08 14:52:38,55,57,9778,21189
2023-11-08 14:52:40,54,57,9778,21189
2023-11-08 14:52:40,54,59,9778,21189
2023-11-08 14:52:40,54,58,9778,21189
2023-11-08 14:52:40,54,56,9778,21189
2023-11-08 14:52:54,52,56,9778,21189
2023-11-08 14:52:54,52,58,9778,21189
2023-11-08 14:52:54,52,57,9778,21189
2023-11-08 14:52:54,52,55,9778,21189
2023-11-08 14:53:08,51,55,9778,21189
2023-11-08 14:53:08,51,54,9778,21189
2023-11-08 14:53:10,50,54,9778,21189
2023-11-08 14:53:10,50,53,9778,21189
2023-11-08 14:53:10,49,53,9778,21189
2023-11-08 14:53:30,51,53,9778,21189
2023-11-08 14:53:47,52,53,9778,21189
2023-11-08 14:53:47,52,56,9778,21189
2023-11-08 14:53:47,52,55,9778,21189
2023-11-08 14:53:47,52,54,9778,21189
2023-11-08 14:54:10,51,54,9778,21189
2023-11-08 14:54:10,51,56,9778,21189
2023-11-08 14:54:10,51,53,9778,21189
2023-11-08 14:54:15,52,53,9778,21189
2023-11-08 14:54:16,51,53,9778,21189
2023-11-08 14:54:17,52,53,9778,21189
2023-11-08 14:54:18,51,53,9778,21189
2023-11-08 14:54:23,50,53,9778,21189
2023-11-08 14:54:23,50,55,9778,21189
2023-11-08 14:54:23,49,55,9778,21189
2023-11-08 14:54:23,49,52,9778,21189
2023-11-08 14:54:24,50,52,9778,21189
2023-11-08 14:54:25,49,52,9778,21189
2023-11-08 14:54:29,49,54,9778,21189
2023-11-08 14:54:29,49,53,9778,21189
2023-11-08 14:54:29,48,51,9778,21189
2023-11-08 14:54:38,49,51,9778,21189
2023-11-08 14:54:42,48,51,9778,21189
2023-11-08 14:54:44,48,54,9778,21189
2023-11-08 14:54:44,48,50,9778,21189
2023-11-08 14:54:48,46,50,9778,21189
2023-11-08 14:54:48,46,52,9778,21189
2023-11-08 14:54:48,46,49,9778,21189
2023-11-08 14:54:48,45,49,9778,21189
2023-11-08 14:54:50,46,49,9778,21189
2023-11-08 14:54:53,46,52,9778,21189
2023-11-08 14:54:53,46,51,9778,21189
2023-11-08 14:54:53,46,50,9778,21189
2023-11-08 14:55:32,48,50,9778,21189
2023-11-08 14:55:32,48,50,9778,21539
2023-11-08 14:55:33,49,50,9778,21539
2023-11-08 14:55:33,49,53,9778,21539
2023-11-08 14:55:33,49,54,9778,21539
2023-11-08 14:55:33,49,51,9778,21539
2023-11-08 14:55:35,50,51,9778,21539
2023-11-08 14:55:35,50,54,9778,21539
2023-11-08 14:55:35,50,53,9778,21539
2023-11-08 14:55:35,50,52,9778,21539
2023-11-08 14:55:37,50,55,9778,21558
2023-11-08 14:55:37,50,54,9778,21558
2023-11-08 14:55:57,50,53,9778,21558
2023-11-08 14:55:58,49,53,9778,21558
2023-11-08 14:56:13,49,52,9778,21558
2023-11-08 14:56:21,50,52,9778,21558
2023-11-08 14:56:26,50,55,9778,21658
2023-11-08 14:56:26,50,54,9778,21658
2023-11-08 14:56:29,52,54,9778,21658
2023-11-08 14:56:31,54,55,9820,21700
2023-11-08 14:56:31,54,56,9820,21700
2023-11-08 14:56:34,54,57,9820,21700
2023-11-08 14:56:36,55,57,9820,21700
2023-11-08 14:56:40,55,58,9820,21700
2023-11-08 14:56:43,56,58,9820,21700
2023-11-08 14:56:49,55,58,9820,21700
2023-11-08 14:56:50,56,58,9820,21700
2023-11-08 14:56:52,55,58,9820,21700
2023-11-08 14:57:00,56,58,9820,21700
2023-11-08 14:57:01,55,58,9820,21700
2023-11-08 14:57:22,54,58,9820,21700
2023-11-08 14:57:28,54,57,9820,21700
2023-11-08 14:57:29,54,58,9820,21700
2023-11-08 14:57:30,54,57,9820,21700
2023-11-08 14:57:31,52,57,9820,21700
2023-11-08 14:57:33,53,57,9820,21700
2023-11-08 14:57:35,52,57,9820,21700
2023-11-08 14:57:40,53,57,9820,21700
2023-11-08 14:57:40,53,58,9820,21700
2023-11-08 14:57:41,53,57,9820,21700
2023-11-08 14:57:48,53,59,9820,21700
2023-11-08 14:57:48,53,57,9820,21700
2023-11-08 14:57:48,53,58,9820,21700
2023-11-08 14:57:49,54,58,9820,21700
2023-11-08 14:57:57,55,58,9820,21700
2023-11-08 14:57:57,55,60,9820,21700
2023-11-08 14:57:57,55,60,9820,21700
2023-11-08 14:57:57,55,59,9820,21700
2023-11-08 14:57:59,54,59,9820,21700
2023-11-08 14:58:00,56,59,9820,21700
2023-11-08 14:58:03,56,60,9820,21700
2023-11-08 14:58:04,56,59,9820,21700
2023-11-08 14:58:05,56,60,9820,21700
2023-11-08 14:58:05,56,59,9820,21700
2023-11-08 14:58:06,56,60,9820,21700
2023-11-08 14:58:09,57,60,9820,21700
2023-11-08 14:58:10,56,60,9820,21700
2023-11-08 14:58:12,56,59,9820,21700
2023-11-08 14:58:13,56,61,9820,21700
2023-11-08 14:58:13,56,60,9820,21700
2023-11-08 14:58:14,57,60,9820,21700
2023-11-08 14:58:16,56,60,9820,21700
2023-11-08 14:58:19,57,60,9820,21700
2023-11-08 14:58:24,57,61,9820,21700
2023-11-08 14:58:27,59,61,9820,21700
2023-11-08 14:58:27,59,62,9820,21700
2023-11-08 14:58:28,59,63,9820,21700
2023-11-08 14:58:29,61,63,9820,21700
2023-11-08 14:58:29,61,64,9820,21700
2023-11-08 14:58:35,62,64,9820,21700
2023-11-08 14:58:36,62,65,9820,21700
2023-11-08 14:58:39,63,65,9820,21700
2023-11-08 14:58:40,63,66,9820,21700
2023-11-08 14:58:43,63,65,9820,21700
2023-11-08 14:58:44,63,66,9820,21700
2023-11-08 14:58:48,65,66,9820,21700
2023-11-08 14:58:48,65,66,9897,21777
2023-11-08 14:58:48,65,67,9897,21777
2023-11-08 14:58:51,65,67,10097,21977
2023-11-08 14:58:51,65,68,10097,21977
2023-11-08 14:58:51,65,69,10097,21977
2023-11-08 14:58:52,66,69,10097,21977
2023-11-08 14:58:54,67,69,10097,21977
2023-11-08 14:58:57,65,69,10097,21977
2023-11-08 14:58:58,66,69,10097,21977
2023-11-08 14:59:03,66,68,10097,21977
2023-11-08 14:59:05,66,69,10097,21977
2023-11-08 14:59:11,66,68,10097,21977
2023-11-08 14:59:14,63,68,10097,21977
2023-11-08 14:59:15,64,68,10097,21977
2023-11-08 14:59:16,63,68,10097,21977
2023-11-08 14:59:18,64,68,10097,21977
2023-11-08 14:59:18,64,69,10097,21977
2023-11-08 14:59:25,65,69,10097,21977
2023-11-08 14:59:29,64,69,10097,21977
2023-11-08 14:59:30,65,69,10097,21977
2023-11-08 14:59:31,65,70,10097,21977
2023-11-08 14:59:39,65,69,10097,21977
2023-11-08 14:59:44,65,70,10097,21977
2023-11-08 14:59:45,66,70,10097,21977
2023-11-08 14:59:54,66,69,10097,21977
2023-11-08 14:59:54,64,69,10097,21977
2023-11-08 14:59:58,65,69,10097,21977
2023-11-08 15:00:00,64,69,10097,21977
2023-11-08 15:00:06,64,68,10097,21977
2023-11-08 15:00:06,63,68,10097,21977
2023-11-08 15:00:07,64,68,10097,21977
2023-11-08 15:00:08,64,69,10097,21977
2023-11-08 15:00:11,64,68,10097,21977
2023-11-08 15:00:11,63,68,10097,21977
2023-11-08 15:00:12,62,68,10097,21977
2023-11-08 15:00:13,62,66,10097,21977
2023-11-08 15:00:14,61,66,10097,21977
2023-11-08 15:00:17,61,65,10097,21977
2023-11-08 15:00:17,62,65,10097,21977
2023-11-08 15:00:17,61,65,10097,21977
2023-11-08 15:00:19,61,66,10097,21977
2023-11-08 15:00:20,62,66,10097,21977
2023-11-08 15:00:28,62,65,10097,21977
2023-11-08 15:00:28,62,64,10097,21977
2023-11-08 15:00:28,61,64,10097,21977
2023-11-08 15:00:30,60,64,10097,21977
2023-11-08 15:00:30,60,63,10097,21977
2023-11-08 15:00:30,61,62,10097,21977
2023-11-08 15:00:30,59,62,10097,21977
2023-11-08 15:00:30,58,62,10097,21977
2023-11-08 15:00:31,58,63,10097,21977
2023-11-08 15:00:36,59,63,10097,21977
2023-11-08 15:00:36,58,63,10097,21977
2023-11-08 15:00:45,59,63,10097,21977
2023-11-08 15:00:47,58,63,10097,21977
2023-11-08 15:01:00,58,62,10097,21977
2023-11-08 15:01:03,58,63,10097,21977
2023-11-08 15:01:10,58,62,10097,21977
2023-11-08 15:01:13,58,63,10097,21977
2023-11-08 15:01:18,58,62,10097,21977
2023-11-08 15:01:23,59,62,10097,21977
2023-11-08 15:01:23,59,63,10097,21977
2023-11-08 15:01:25,58,63,10097,21977
2023-11-08 15:01:25,59,63,10097,21977
2023-11-08 15:01:33,59,65,10097,21977
2023-11-08 15:01:33,59,64,10097,21977
2023-11-08 15:01:33,60,64,10097,21977
2023-11-08 15:01:36,61,64,10097,21977
2023-11-08 15:01:37,60,64,10097,21977
2023-11-08 15:01:38,61,64,10097,21977
2023-11-08 15:01:39,60,64,10097,21977
2023-11-08 15:01:39,61,64,10097,21977
2023-11-08 15:01:40,60,64,10097,21977
2023-11-08 15:01:41,61,64,10097,21977
2023-11-08 15:01:41,61,66,10097,21977
2023-11-08 15:01:47,62,66,10097,21977
2023-11-08 15:02:01,63,66,10097,21977
2023-11-08 15:02:09,64,66,10097,21977
2023-11-08 15:02:09,64,68,10097,21977
2023-11-08 15:02:09,64,69,10097,21977
2023-11-08 15:02:09,64,69,10097,21977
2023-11-08 15:02:19,66,69,10097,21977
2023-11-08 15:02:19,66,70,10097,21977
2023-11-08 15:02:33,64,70,10097,21977
2023-11-08 15:02:33,64,69,10097,21977
2023-11-08 15:02:35,64,68,10097,21977
2023-11-08 15:02:35,63,68,10097,21977
2023-11-08 15:02:35,64,68,10097,21977
2023-11-08 15:02:36,63,68,10097,21977
2023-11-08 15:02:40,64,68,10097,21977
2023-11-08 15:02:41,63,68,10097,21977
2023-11-08 15:02:42,64,68,10097,21977
2023-11-08 15:02:47,63,68,10097,21977
2023-11-08 15:02:48,64,68,10097,21977
2023-11-08 15:02:49,63,68,10097,21977
2023-11-08 15:02:50,61,68,10097,21977
2023-11-08 15:02:50,62,68,10097,21977
2023-11-08 15:02:52,63,68,10097,21977
2023-11-08 15:02:55,64,68,10097,21977
2023-11-08 15:03:06,64,69,10097,21977
2023-11-08 15:03:11,65,69,10097,21977
2023-11-08 15:03:13,65,68,10097,21977
2023-11-08 15:03:13,63,68,10097,21977
2023-11-08 15:03:16,64,68,10097,21977
2023-11-08 15:03:29,64,70,10097,21977
2023-11-08 15:03:29,65,70,10097,21977
2023-11-08 15:03:29,65,69,10097,21977
2023-11-08 15:03:30,65,70,10097,21977
2023-11-08 15:03:32,65,70,10057,22017
2023-11-08 15:03:34,66,70,10057,22017
2023-11-08 15:03:34,66,70,10065,22025
2023-11-08 15:03:57,67,70,10065,22025
2023-11-08 15:03:58,66,70,10065,22025
2023-11-08 15:04:05,66,69,10065,22025
2023-11-08 15:04:05,65,69,10065,22025
2023-11-08 15:04:05,64,69,10065,22025
2023-11-08 15:04:06,63,69,10065,22025
2023-11-08 15:04:07,63,67,10065,22025
2023-11-08 15:04:10,61,67,10065,22025
2023-11-08 15:04:10,61,66,10065,22025
2023-11-08 15:04:11,62,66,10065,22025
2023-11-08 15:04:11,60,66,10065,22025
2023-11-08 15:04:12,60,63,10065,22025
2023-11-08 15:04:12,58,63,10065,22025
2023-11-08 15:04:12,59,63,10065,22025
2023-11-08 15:04:14,60,63,10065,22025
2023-11-08 15:04:14,59,63,10065,22025
2023-11-08 15:04:15,60,63,10065,22025
2023-11-08 15:04:15,60,61,10065,22025
2023-11-08 15:04:15,59,61,10065,22025
2023-11-08 15:04:15,57,61,10065,22025
2023-11-08 15:04:29,58,61,10065,22025
2023-11-08 15:04:30,58,62,10065,22025
2023-11-08 15:04:37,57,62,10065,22025
2023-11-08 15:04:55,58,62,10065,22025
2023-11-08 15:04:57,57,62,10065,22025
2023-11-08 15:05:17,57,61,10065,22025
2023-11-08 15:05:21,56,61,10065,22025
2023-11-08 15:05:30,57,61,10065,22025
2023-11-08 15:05:31,57,63,10065,22025
2023-11-08 15:05:32,59,63,10065,22025
2023-11-08 15:05:43,59,65,10065,22025
2023-11-08 15:05:43,59,65,10065,22025
2023-11-08 15:05:58,58,65,10065,22025
2023-11-08 15:05:58,58,63,10065,22025
2023-11-08 15:05:58,57,63,10065,22025
2023-11-08 15:06:05,56,63,10065,22025
2023-11-08 15:06:06,56,62,10065,22025
2023-11-08 15:06:11,57,62,10065,22025
2023-11-08 15:06:17,56,62,10065,22025
2023-11-08 15:06:28,56,61,10065,22025
2023-11-08 15:06:32,56,62,10065,22025
2023-11-08 15:06:56,57,62,10065,22025
2023-11-08 15:07:00,57,63,10065,22025
2023-11-08 15:07:06,57,62,10065,22025
2023-11-08 15:07:10,57,63,10065,22025
2023-11-08 15:07:12,59,63,10065,22025
2023-11-08 15:07:27,57,63,10065,22025
2023-11-08 15:07:42,57,62,10065,22025
2023-11-08 15:07:44,56,62,10065,22025
2023-11-08 15:07:49,57,62,10065,22025
2023-11-08 15:07:52,56,62,10065,22025
2023-11-08 15:07:54,57,62,10065,22025
2023-11-08 15:08:01,57,63,10065,22025
2023-11-08 15:08:14,57,62,10065,22025
2023-11-08 15:08:16,56,62,10065,22025
2023-11-08 15:08:18,56,60,10065,22025
2023-11-08 15:08:18,55,60,10065,22025
2023-11-08 15:08:34,55,59,10065,22025
2023-11-08 15:08:36,54,59,10065,22025
2023-11-08 15:08:39,54,60,10065,22025
2023-11-08 15:08:44,54,58,10065,22025
2023-11-08 15:08:44,53,58,10065,22025
2023-11-08 15:09:02,55,58,10065,22025
2023-11-08 15:09:02,55,60,10065,22025
