datetime,bid,ask,open_interest,volume
2023-11-08 09:30:58,9,20,15,15
2023-11-08 09:31:00,9,15,15,15
2023-11-08 09:31:00,10,13,15,15
2023-11-08 09:31:01,9,13,15,15
2023-11-08 09:31:01,10,13,15,15
2023-11-08 09:31:02,9,12,15,15
2023-11-08 09:31:02,10,12,15,15
2023-11-08 09:31:16,9,12,15,15
2023-11-08 09:31:19,10,12,15,15
2023-11-08 09:31:22,10,13,15,15
2023-11-08 09:31:23,10,14,15,15
2023-11-08 09:31:23,10,13,15,15
2023-11-08 09:31:23,11,13,15,15
2023-11-08 09:31:24,11,14,15,15
2023-11-08 09:31:24,11,13,15,15
2023-11-08 09:31:25,11,14,15,15
2023-11-08 09:31:25,11,13,15,15
2023-11-08 09:31:26,11,14,15,15
2023-11-08 09:31:41,11,13,15,15
2023-11-08 09:31:42,11,14,15,15
2023-11-08 09:31:45,11,13,15,15
2023-11-08 09:31:47,11,14,15,15
2023-11-08 09:31:51,11,13,15,15
2023-11-08 09:31:52,11,14,15,15
2023-11-08 09:31:55,11,13,15,15
2023-11-08 09:32:11,10,13,15,15
2023-11-08 09:32:15,10,12,15,15
2023-11-08 09:32:24,9,12,15,15
2023-11-08 09:32:29,9,11,15,15
2023-11-08 09:32:36,10,11,15,15
2023-11-08 09:32:37,10,12,15,15
2023-11-08 09:32:43,9,12,15,15
2023-11-08 09:32:46,10,12,15,15
2023-11-08 09:32:52,9,12,15,15
2023-11-08 09:32:57,9,11,15,15
2023-11-08 09:33:18,9,10,15,15
2023-11-08 09:33:25,8,10,15,20
2023-11-08 09:33:41,9,10,15,20
2023-11-08 09:33:43,9,11,15,20
2023-11-08 09:33:47,8,11,15,20
2023-11-08 09:33:55,9,11,15,20
2023-11-08 09:34:28,8,11,15,20
2023-11-08 09:34:35,8,10,15,20
2023-11-08 09:34:46,8,11,15,20
2023-11-08 09:34:50,8,10,15,20
2023-11-08 09:35:01,8,9,15,20
2023-11-08 09:35:06,8,9,51,56
2023-11-08 09:35:08,8,9,60,65
2023-11-08 09:35:35,8,10,60,65
2023-11-08 09:36:00,8,10,61,66
2023-11-08 09:36:07,8,10,62,67
2023-11-08 09:36:15,8,10,63,68
2023-11-08 09:36:23,8,10,64,69
2023-11-08 09:36:27,8,11,64,69
2023-11-08 09:36:29,8,10,64,69
2023-11-08 09:36:30,8,10,65,70
2023-11-08 09:36:33,8,11,65,70
2023-11-08 09:36:37,9,11,65,70
2023-11-08 09:36:38,9,11,66,71
2023-11-08 09:36:45,9,11,67,72
2023-11-08 09:36:53,9,11,68,73
2023-11-08 09:37:00,10,11,68,73
2023-11-08 09:37:09,9,11,68,73
2023-11-08 09:37:13,10,11,68,73
2023-11-08 09:38:11,9,12,68,73
2023-11-08 09:38:22,9,11,68,73
2023-11-08 09:39:19,9,10,68,73
2023-11-08 09:39:25,8,10,68,73
2023-11-08 09:40:09,8,11,68,73
2023-11-08 09:40:12,9,11,68,73
2023-11-08 09:40:18,9,12,68,73
2023-11-08 09:40:21,9,11,68,73
2023-11-08 09:40:34,9,12,68,73
2023-11-08 09:40:52,9,11,68,73
2023-11-08 09:40:57,9,12,68,73
2023-11-08 09:40:58,9,11,68,73
2023-11-08 09:41:02,9,12,68,73
2023-11-08 09:41:03,9,11,68,73
2023-11-08 09:41:15,9,12,68,73
2023-11-08 09:41:16,9,11,68,73
2023-11-08 09:41:17,9,12,68,73
2023-11-08 09:41:33,9,11,68,73
2023-11-08 09:41:53,9,12,68,73
2023-11-08 09:42:01,10,12,68,73
2023-11-08 09:42:01,9,12,268,273
2023-11-08 09:42:06,9,11,268,273
2023-11-08 09:42:17,8,11,268,273
2023-11-08 09:42:21,8,10,268,273
2023-11-08 09:43:03,8,11,268,273
2023-11-08 09:43:05,9,11,268,273
2023-11-08 09:43:06,8,11,268,273
2023-11-08 09:43:33,9,11,268,273
2023-11-08 09:43:44,9,12,268,273
2023-11-08 09:43:50,10,12,268,273
2023-11-08 09:43:53,9,12,268,273
2023-11-08 09:44:06,10,12,268,273
2023-11-08 09:44:27,11,12,268,273
2023-11-08 09:45:06,10,12,268,273
2023-11-08 09:45:39,9,12,268,273
2023-11-08 09:45:50,9,12,268,273
2023-11-08 09:46:03,10,12,268,273
2023-11-08 09:46:05,9,12,268,273
2023-11-08 09:46:07,10,12,268,273
2023-11-08 09:46:17,9,12,268,273
2023-11-08 09:46:50,9,11,268,273
2023-11-08 09:47:25,9,10,268,273
2023-11-08 09:47:28,8,10,268,273
2023-11-08 09:47:48,9,10,268,273
2023-11-08 09:47:51,8,10,268,273
2023-11-08 09:48:06,9,10,268,273
2023-11-08 09:48:06,9,11,268,273
2023-11-08 09:48:10,8,11,268,273
2023-11-08 09:48:16,9,11,268,273
2023-11-08 09:48:21,8,11,268,273
2023-11-08 09:48:22,8,10,268,273
2023-11-08 09:48:25,8,11,268,273
2023-11-08 09:48:27,9,11,268,273
2023-11-08 09:48:42,8,11,268,273
2023-11-08 09:48:55,8,10,268,273
2023-11-08 09:49:03,8,11,268,273
2023-11-08 09:49:07,8,10,268,273
2023-11-08 09:49:33,8,11,268,273
2023-11-08 09:50:00,9,11,268,273
2023-11-08 09:50:01,8,11,268,273
2023-11-08 09:50:06,8,10,268,273
2023-11-08 09:50:33,8,11,268,273
2023-11-08 09:50:41,9,11,268,273
2023-11-08 09:50:49,8,11,268,273
2023-11-08 09:51:24,8,10,268,273
2023-11-08 09:52:54,8,9,268,273
2023-11-08 09:53:00,8,10,268,273
2023-11-08 09:53:00,8,9,268,273
2023-11-08 09:53:07,7,9,268,273
2023-11-08 09:53:07,7,8,268,273
2023-11-08 09:53:39,6,8,268,273
2023-11-08 09:55:16,6,7,268,273
2023-11-08 09:55:16,6,8,268,273
2023-11-08 09:55:19,6,7,268,273
2023-11-08 09:55:21,6,8,268,273
2023-11-08 09:55:22,6,7,268,273
2023-11-08 09:55:23,6,8,268,273
2023-11-08 09:55:38,6,7,268,273
2023-11-08 09:55:45,6,8,268,273
2023-11-08 09:56:47,6,9,268,273
2023-11-08 09:56:49,7,9,268,273
2023-11-08 09:57:17,6,9,268,273
2023-11-08 09:57:20,7,9,268,273
2023-11-08 09:58:09,8,9,268,273
2023-11-08 09:58:12,8,10,268,273
2023-11-08 09:58:12,8,9,268,273
2023-11-08 09:58:13,8,10,268,273
2023-11-08 09:58:14,8,9,268,273
2023-11-08 09:58:16,8,10,268,273
2023-11-08 09:58:35,9,10,268,273
2023-11-08 09:58:37,9,11,268,273
2023-11-08 09:58:44,9,10,268,273
2023-11-08 09:58:47,9,11,268,273
2023-11-08 09:59:04,9,10,268,273
2023-11-08 09:59:05,9,11,268,273
2023-11-08 09:59:05,9,10,268,273
2023-11-08 09:59:26,8,10,268,273
2023-11-08 09:59:41,8,11,268,273
2023-11-08 09:59:41,8,10,268,273
2023-11-08 10:00:35,8,11,268,273
2023-11-08 10:00:35,8,10,268,273
2023-11-08 10:00:48,9,10,268,273
2023-11-08 10:00:49,9,11,268,273
2023-11-08 10:00:49,9,10,268,273
2023-11-08 10:00:58,9,11,268,273
2023-11-08 10:00:58,9,10,268,273
2023-11-08 10:00:59,9,11,268,273
2023-11-08 10:01:00,9,10,268,273
2023-11-08 10:01:02,9,11,268,273
2023-11-08 10:01:05,10,11,268,273
2023-11-08 10:01:29,9,11,268,273
2023-11-08 10:01:32,9,10,268,273
2023-11-08 10:01:34,9,11,268,273
2023-11-08 10:01:44,9,10,268,273
2023-11-08 10:01:46,9,11,268,273
2023-11-08 10:01:54,10,11,268,273
2023-11-08 10:02:00,10,12,268,273
2023-11-08 10:02:01,11,12,268,273
2023-11-08 10:02:02,11,13,268,273
2023-11-08 10:02:03,11,12,268,273
2023-11-08 10:02:05,11,13,268,273
2023-11-08 10:02:10,12,13,268,273
2023-11-08 10:02:11,12,14,268,273
2023-11-08 10:02:11,12,13,268,273
2023-11-08 10:02:12,12,14,488,503
2023-11-08 10:02:12,12,13,488,503
2023-11-08 10:02:13,12,14,488,503
2023-11-08 10:02:15,12,13,488,503
2023-11-08 10:02:18,12,14,727,742
2023-11-08 10:02:18,12,13,727,742
2023-11-08 10:02:19,12,14,727,742
2023-11-08 10:02:21,13,14,727,742
2023-11-08 10:02:30,12,14,727,742
2023-11-08 10:02:43,13,14,727,742
2023-11-08 10:02:48,12,14,727,742
2023-11-08 10:02:49,12,13,727,742
2023-11-08 10:02:53,12,14,727,742
2023-11-08 10:03:20,12,15,727,742
2023-11-08 10:03:20,14,15,727,742
2023-11-08 10:03:32,13,15,727,742
2023-11-08 10:03:33,14,15,727,742
2023-11-08 10:03:55,14,16,727,742
2023-11-08 10:04:05,15,16,727,742
2023-11-08 10:04:06,15,17,893,908
2023-11-08 10:04:06,15,16,893,908
2023-11-08 10:04:07,14,16,893,908
2023-11-08 10:04:11,14,15,893,908
2023-11-08 10:04:12,14,16,893,908
2023-11-08 10:04:12,14,15,893,908
2023-11-08 10:04:40,14,16,893,908
2023-11-08 10:04:40,14,15,893,908
2023-11-08 10:04:45,14,16,893,908
2023-11-08 10:04:46,14,15,893,908
2023-11-08 10:05:02,14,16,893,908
2023-11-08 10:05:03,14,15,893,908
2023-11-08 10:05:05,14,15,1143,1158
2023-11-08 10:05:05,14,16,1143,1158
2023-11-08 10:05:05,14,17,1143,1158
2023-11-08 10:05:05,14,16,1143,1158
2023-11-08 10:05:06,15,16,1143,1158
2023-11-08 10:05:06,15,17,1143,1158
2023-11-08 10:05:06,15,16,1143,1158
2023-11-08 10:05:07,15,17,1143,1158
2023-11-08 10:05:08,15,16,1143,1158
2023-11-08 10:05:22,14,16,1143,1158
2023-11-08 10:05:29,14,17,1143,1158
2023-11-08 10:05:30,15,17,1143,1158
2023-11-08 10:05:30,15,16,1143,1158
2023-11-08 10:05:37,14,16,1143,1158
2023-11-08 10:05:38,14,15,1143,1158
2023-11-08 10:05:53,13,15,1143,1158
2023-11-08 10:05:54,13,14,1143,1158
2023-11-08 10:06:22,12,14,1143,1158
2023-11-08 10:06:53,12,13,1143,1158
2023-11-08 10:07:01,12,14,1143,1158
2023-11-08 10:07:01,12,13,1143,1158
2023-11-08 10:07:04,12,14,1143,1158
2023-11-08 10:07:04,12,13,1143,1158
2023-11-08 10:07:16,12,14,1143,1158
2023-11-08 10:07:16,12,13,1143,1158
2023-11-08 10:07:17,12,14,1143,1158
2023-11-08 10:07:18,12,13,1143,1158
2023-11-08 10:07:18,12,14,1143,1158
2023-11-08 10:07:19,12,13,1143,1158
2023-11-08 10:07:19,12,14,1143,1158
2023-11-08 10:07:31,12,15,1143,1158
2023-11-08 10:07:31,12,14,1143,1158
2023-11-08 10:07:38,12,13,1143,1158
2023-11-08 10:08:39,12,14,1143,1158
2023-11-08 10:08:40,12,13,1143,1158
2023-11-08 10:08:49,11,13,1143,1158
2023-11-08 10:08:49,11,12,1143,1158
2023-11-08 10:09:59,10,12,1143,1158
2023-11-08 10:10:01,10,11,1143,1158
2023-11-08 10:11:30,10,12,1143,1158
2023-11-08 10:11:30,10,11,1143,1158
2023-11-08 10:11:31,10,12,1143,1158
2023-11-08 10:11:56,11,12,1143,1158
2023-11-08 10:11:56,11,13,1143,1158
2023-11-08 10:12:20,11,12,1143,1158
2023-11-08 10:12:26,10,12,1143,1158
2023-11-08 10:12:51,10,11,1143,1158
2023-11-08 10:12:52,10,12,1143,1158
2023-11-08 10:12:52,10,11,1143,1158
2023-11-08 10:12:53,10,12,1143,1158
2023-11-08 10:12:53,10,11,1143,1158
2023-11-08 10:12:55,10,12,1143,1158
2023-11-08 10:12:59,10,11,1143,1158
2023-11-08 10:13:00,10,12,1143,1158
2023-11-08 10:13:06,10,11,1143,1158
2023-11-08 10:13:07,10,12,1143,1158
2023-11-08 10:13:23,10,13,1143,1158
2023-11-08 10:13:37,10,12,1143,1158
2023-11-08 10:13:44,10,13,1143,1158
2023-11-08 10:13:49,11,13,1143,1158
2023-11-08 10:13:50,10,13,1143,1158
2023-11-08 10:13:58,11,13,1143,1158
2023-11-08 10:14:31,11,14,1143,1158
2023-11-08 10:14:31,12,14,1143,1158
2023-11-08 10:15:22,13,14,1143,1158
2023-11-08 10:15:44,13,15,1143,1158
2023-11-08 10:16:20,12,15,1143,1158
2023-11-08 10:16:20,12,14,1143,1158
2023-11-08 10:18:25,12,15,1143,1158
2023-11-08 10:18:27,13,15,1143,1158
2023-11-08 10:18:36,13,14,1143,1158
2023-11-08 10:18:39,13,15,1143,1158
2023-11-08 10:18:40,13,14,1143,1158
2023-11-08 10:18:42,13,15,1143,1158
2023-11-08 10:19:06,13,14,1143,1158
2023-11-08 10:19:07,12,14,1143,1158
2023-11-08 10:19:07,12,15,1143,1158
2023-11-08 10:19:09,12,14,1143,1158
2023-11-08 10:19:10,13,14,1143,1158
2023-11-08 10:19:10,13,15,1143,1158
2023-11-08 10:19:11,13,14,1143,1158
2023-11-08 10:19:12,13,15,1143,1158
2023-11-08 10:19:15,12,15,1143,1158
2023-11-08 10:19:15,12,14,1143,1158
2023-11-08 10:19:48,12,13,1143,1158
2023-11-08 10:19:58,12,14,1143,1158
2023-11-08 10:20:02,12,13,1143,1158
2023-11-08 10:20:04,12,14,1143,1158
2023-11-08 10:20:04,12,13,1143,1158
2023-11-08 10:20:05,12,14,1143,1158
2023-11-08 10:20:35,12,15,1143,1158
2023-11-08 10:20:36,13,15,1143,1158
2023-11-08 10:20:38,14,15,1143,1158
2023-11-08 10:20:53,14,16,1143,1158
2023-11-08 10:20:54,15,16,1143,1158
2023-11-08 10:21:06,15,17,1143,1158
2023-11-08 10:21:21,16,17,1143,1158
2023-11-08 10:21:26,15,17,1143,1158
2023-11-08 10:21:34,16,17,1143,1158
2023-11-08 10:21:37,15,17,1143,1158
2023-11-08 10:21:40,16,17,1143,1158
2023-11-08 10:21:55,15,17,1143,1158
2023-11-08 10:22:12,15,17,1193,1408
2023-11-08 10:22:13,16,17,1193,1408
2023-11-08 10:22:19,16,18,1193,1408
2023-11-08 10:22:25,17,18,1193,1408
2023-11-08 10:22:27,16,18,1193,1408
2023-11-08 10:22:43,17,18,1193,1408
2023-11-08 10:22:48,16,18,1193,1408
2023-11-08 10:22:54,17,18,1193,1408
2023-11-08 10:22:56,16,18,1193,1408
2023-11-08 10:23:03,15,18,1193,1408
2023-11-08 10:23:10,15,17,1193,1408
2023-11-08 10:23:17,14,17,1193,1408
2023-11-08 10:23:30,14,16,1193,1408
2023-11-08 10:23:58,14,17,1193,1408
2023-11-08 10:24:22,14,16,1193,1408
2023-11-08 10:24:45,14,17,1193,1408
2023-11-08 10:24:51,14,16,1193,1408
2023-11-08 10:25:25,14,15,1193,1408
2023-11-08 10:25:40,14,17,1193,1408
2023-11-08 10:25:43,14,16,1193,1408
2023-11-08 10:26:12,14,17,1193,1408
2023-11-08 10:26:23,15,17,1193,1408
2023-11-08 10:26:26,14,17,1193,1408
2023-11-08 10:26:30,15,17,1193,1408
2023-11-08 10:26:34,15,18,1193,1408
2023-11-08 10:26:34,16,18,1193,1408
2023-11-08 10:26:57,15,18,1193,1408
2023-11-08 10:27:01,15,17,1193,1408
2023-11-08 10:27:06,14,17,1193,1408
2023-11-08 10:27:15,15,17,1193,1408
2023-11-08 10:27:18,15,18,1193,1408
2023-11-08 10:27:28,15,17,1193,1408
2023-11-08 10:28:01,14,17,1193,1408
2023-11-08 10:28:09,15,17,1193,1408
2023-11-08 10:28:11,14,17,1193,1408
2023-11-08 10:28:15,15,17,1193,1408
2023-11-08 10:28:18,14,17,1193,1408
2023-11-08 10:28:26,15,17,1193,1408
2023-11-08 10:28:43,15,18,1193,1408
2023-11-08 10:28:48,16,18,1193,1408
2023-11-08 10:30:05,15,18,1193,1408
2023-11-08 10:30:09,16,18,1193,1408
2023-11-08 10:30:25,15,18,1193,1408
2023-11-08 10:30:27,15,17,1193,1408
2023-11-08 10:30:28,14,17,1193,1408
2023-11-08 10:30:32,14,16,1193,1408
2023-11-08 10:32:14,14,15,1193,1408
2023-11-08 10:32:17,14,16,1193,1408
2023-11-08 10:32:58,15,16,1193,1408
2023-11-08 10:33:00,14,16,1193,1408
2023-11-08 10:33:11,14,17,1193,1408
2023-11-08 10:33:11,15,17,1193,1408
2023-11-08 10:33:17,14,17,1193,1408
2023-11-08 10:33:42,15,17,1193,1408
2023-11-08 10:33:43,15,18,1193,1408
2023-11-08 10:33:46,15,17,1193,1408
2023-11-08 10:33:50,15,18,1193,1408
2023-11-08 10:33:52,15,17,1193,1408
2023-11-08 10:34:03,14,17,1193,1408
2023-11-08 10:34:15,15,17,1193,1408
2023-11-08 10:34:18,14,17,1193,1408
2023-11-08 10:34:28,15,17,1193,1408
2023-11-08 10:34:33,15,18,1193,1408
2023-11-08 10:34:38,15,17,1193,1408
2023-11-08 10:34:53,14,17,1193,1408
2023-11-08 10:35:04,15,17,1193,1408
2023-11-08 10:35:06,16,17,1193,1408
2023-11-08 10:35:19,17,18,1193,1408
2023-11-08 10:35:28,16,18,1193,1408
2023-11-08 10:35:37,17,18,1193,1408
2023-11-08 10:35:45,16,18,1193,1408
2023-11-08 10:36:01,15,18,1193,1408
2023-11-08 10:36:01,15,17,1193,1408
2023-11-08 10:36:04,14,17,1193,1408
2023-11-08 10:36:19,14,16,1193,1408
2023-11-08 10:36:54,14,15,1193,1408
2023-11-08 10:37:36,14,15,1390,1658
2023-11-08 10:38:20,14,16,1390,1658
2023-11-08 10:38:28,14,16,1390,1908
2023-11-08 10:38:31,14,17,1390,1908
2023-11-08 10:38:31,15,17,1390,1908
2023-11-08 10:39:02,15,18,1390,1908
2023-11-08 10:39:02,16,18,1390,1908
2023-11-08 10:40:06,17,18,1390,1908
2023-11-08 10:40:22,16,18,1390,1908
2023-11-08 10:40:34,17,18,1390,1908
2023-11-08 10:40:46,18,19,1390,1909
2023-11-08 10:41:30,17,19,1390,1909
2023-11-08 10:41:37,18,19,1390,1909
2023-11-08 10:41:38,17,19,1390,1909
2023-11-08 10:41:39,18,19,1390,1909
2023-11-08 10:41:44,17,19,1390,1909
2023-11-08 10:42:06,16,19,1390,1909
2023-11-08 10:42:27,17,19,1390,1909
2023-11-08 10:42:36,16,19,1390,1909
2023-11-08 10:42:38,16,18,1390,1909
2023-11-08 10:42:47,15,18,1390,1909
2023-11-08 10:42:48,15,17,1390,1909
2023-11-08 10:42:57,15,16,1390,1909
2023-11-08 10:43:35,14,16,1390,1909
2023-11-08 10:44:24,15,16,1390,1909
2023-11-08 10:44:25,15,17,1390,1909
2023-11-08 10:44:26,14,17,1390,1909
2023-11-08 10:44:38,14,16,1390,1909
2023-11-08 10:45:41,14,15,1390,1909
2023-11-08 10:45:52,14,16,1390,1909
2023-11-08 10:46:28,14,17,1390,1909
2023-11-08 10:46:30,14,16,1390,1909
2023-11-08 10:46:42,14,17,1390,1909
2023-11-08 10:46:44,14,16,1390,1909
2023-11-08 10:46:45,14,17,1390,1909
2023-11-08 10:46:46,14,16,1390,1909
2023-11-08 10:47:05,14,17,1390,1909
2023-11-08 10:47:09,14,16,1390,1909
2023-11-08 10:48:40,14,15,1390,1909
2023-11-08 10:48:41,13,15,1390,1909
2023-11-08 10:50:10,13,14,1390,1909
2023-11-08 10:50:38,13,15,1390,1909
2023-11-08 10:51:11,13,16,1390,1909
2023-11-08 10:51:11,14,16,1390,1909
2023-11-08 10:51:15,14,17,1390,1909
2023-11-08 10:51:22,14,16,1390,1909
2023-11-08 10:51:27,13,16,1390,1909
2023-11-08 10:51:31,14,16,1390,1909
2023-11-08 10:52:19,14,17,1390,1909
2023-11-08 10:52:20,14,16,1390,1909
2023-11-08 10:52:25,13,16,1390,1909
2023-11-08 10:52:45,14,16,1390,1909
2023-11-08 10:52:48,14,17,1390,1909
2023-11-08 10:53:40,14,16,1390,1909
2023-11-08 10:53:41,14,17,1390,1909
2023-11-08 10:53:42,14,16,1390,1909
2023-11-08 10:53:43,14,17,1390,1909
2023-11-08 10:53:59,15,17,1390,1909
2023-11-08 10:54:49,16,17,1390,1909
2023-11-08 10:54:51,16,18,1590,2109
2023-11-08 10:55:09,15,18,1590,2109
2023-11-08 10:55:21,15,17,1590,2109
2023-11-08 10:55:32,14,17,1590,2109
2023-11-08 10:55:33,14,16,1590,2109
2023-11-08 10:55:40,13,16,1590,2109
2023-11-08 10:55:50,13,15,1590,2109
2023-11-08 10:56:33,13,16,1590,2109
2023-11-08 10:56:34,14,16,1590,2109
2023-11-08 10:56:36,13,16,1590,2109
2023-11-08 10:56:37,14,16,1590,2109
2023-11-08 10:56:46,13,16,1590,2109
2023-11-08 10:56:55,14,16,1590,2109
2023-11-08 10:56:58,13,16,1590,2109
2023-11-08 10:56:59,14,16,1590,2109
2023-11-08 10:57:34,14,17,1590,2109
2023-11-08 10:57:35,14,16,1590,2109
2023-11-08 10:57:39,15,16,1590,2109
2023-11-08 10:57:59,15,18,1590,2109
2023-11-08 10:57:59,15,17,1590,2109
2023-11-08 10:58:02,15,18,1590,2109
2023-11-08 10:58:02,15,16,1590,2109
2023-11-08 10:58:04,15,18,1590,2109
2023-11-08 10:58:04,15,17,1590,2109
2023-11-08 10:58:18,16,17,1590,2109
2023-11-08 10:58:18,16,18,1590,2109
2023-11-08 10:58:18,16,17,1590,2109
2023-11-08 10:58:19,16,18,1590,2109
2023-11-08 10:58:19,16,17,1590,2109
2023-11-08 10:58:22,16,18,1590,2109
2023-11-08 10:58:24,17,18,1590,2109
2023-11-08 10:58:40,16,18,1590,2109
2023-11-08 10:58:41,16,17,1590,2109
2023-11-08 10:58:51,16,18,1590,2109
2023-11-08 10:58:51,16,17,1590,2109
2023-11-08 10:58:55,15,17,1590,2109
2023-11-08 10:59:04,15,18,1590,2109
2023-11-08 10:59:04,15,17,1590,2109
2023-11-08 10:59:11,15,16,1590,2109
2023-11-08 10:59:13,15,17,1590,2109
2023-11-08 10:59:13,15,16,1590,2109
2023-11-08 10:59:24,15,16,1690,2209
2023-11-08 10:59:34,15,17,1690,2209
2023-11-08 10:59:34,15,16,1690,2209
2023-11-08 10:59:44,15,17,1690,2209
2023-11-08 10:59:45,15,16,1690,2209
2023-11-08 10:59:46,15,17,1690,2209
2023-11-08 10:59:47,15,16,1690,2209
2023-11-08 10:59:49,15,17,1690,2209
2023-11-08 10:59:49,15,16,1690,2209
2023-11-08 10:59:50,15,18,1690,2209
2023-11-08 10:59:50,15,17,1690,2209
2023-11-08 11:00:05,16,17,1690,2209
2023-11-08 11:00:08,16,18,1690,2209
2023-11-08 11:00:08,16,17,1690,2209
2023-11-08 11:00:15,16,18,1690,2209
2023-11-08 11:00:15,16,17,1690,2209
2023-11-08 11:00:16,16,18,1690,2209
2023-11-08 11:00:16,16,17,1690,2209
2023-11-08 11:00:19,16,18,1690,2209
2023-11-08 11:00:19,16,17,1690,2209
2023-11-08 11:00:22,16,18,1690,2209
2023-11-08 11:00:22,16,17,1690,2209
2023-11-08 11:00:23,16,18,1690,2209
2023-11-08 11:00:23,16,17,1690,2209
2023-11-08 11:00:29,16,18,1690,2209
2023-11-08 11:00:29,16,17,1690,2209
2023-11-08 11:00:30,16,18,1690,2209
2023-11-08 11:00:32,16,17,1690,2209
2023-11-08 11:00:34,15,17,1690,2209
2023-11-08 11:00:36,15,16,1690,2209
2023-11-08 11:00:40,15,17,1690,2209
2023-11-08 11:00:42,15,16,1690,2209
2023-11-08 11:00:57,14,16,1690,2209
2023-11-08 11:01:02,14,17,1690,2209
2023-11-08 11:01:02,14,16,1690,2209
2023-11-08 11:01:06,14,15,1690,2209
2023-11-08 11:01:20,14,16,1690,2209
2023-11-08 11:01:22,15,16,1690,2209
2023-11-08 11:01:22,15,17,1690,2209
2023-11-08 11:01:23,15,16,1690,2209
2023-11-08 11:01:26,15,17,1690,2209
2023-11-08 11:01:27,15,16,1690,2209
2023-11-08 11:01:28,15,18,1690,2209
2023-11-08 11:01:28,15,17,1690,2209
2023-11-08 11:01:39,15,16,1690,2209
2023-11-08 11:01:46,15,17,1690,2209
2023-11-08 11:01:47,15,16,1690,2209
2023-11-08 11:01:49,14,16,1690,2209
2023-11-08 11:02:08,15,16,1690,2209
2023-11-08 11:02:12,14,16,1690,2209
2023-11-08 11:02:16,15,16,1690,2209
2023-11-08 11:02:17,14,16,1690,2209
2023-11-08 11:02:19,15,16,1690,2209
2023-11-08 11:02:20,14,16,1690,2209
2023-11-08 11:02:25,15,16,1690,2209
2023-11-08 11:02:26,15,17,1690,2209
2023-11-08 11:02:37,15,16,1690,2209
2023-11-08 11:02:44,14,16,1690,2209
2023-11-08 11:02:45,15,16,1690,2209
2023-11-08 11:02:50,14,16,1690,2209
2023-11-08 11:03:17,14,15,1690,2209
2023-11-08 11:03:24,13,15,1690,2209
2023-11-08 11:03:47,13,14,1690,2209
2023-11-08 11:03:49,13,15,1690,2209
2023-11-08 11:04:06,14,15,1690,2209
2023-11-08 11:04:09,13,15,1690,2209
2023-11-08 11:04:19,13,14,1690,2209
2023-11-08 11:04:26,13,15,1690,2209
2023-11-08 11:04:35,13,14,1690,2209
2023-11-08 11:04:40,13,15,1690,2209
2023-11-08 11:04:40,13,14,1690,2209
2023-11-08 11:05:25,13,15,1690,2209
2023-11-08 11:05:29,13,14,1690,2209
2023-11-08 11:05:30,13,15,1690,2209
2023-11-08 11:05:30,13,14,1690,2209
2023-11-08 11:05:31,13,15,1690,2209
2023-11-08 11:06:04,13,14,1690,2209
2023-11-08 11:06:09,13,14,1590,2309
2023-11-08 11:06:10,13,15,1590,2309
2023-11-08 11:06:10,13,14,1590,2309
2023-11-08 11:06:13,13,15,1590,2309
2023-11-08 11:06:13,13,14,1590,2309
2023-11-08 11:06:17,13,15,1590,2309
2023-11-08 11:06:17,13,14,1590,2309
2023-11-08 11:06:18,13,15,1590,2309
2023-11-08 11:06:18,13,14,1590,2309
2023-11-08 11:06:19,13,15,1590,2309
2023-11-08 11:07:36,14,15,1590,2309
2023-11-08 11:07:38,14,16,1590,2309
2023-11-08 11:07:38,14,17,1590,2309
2023-11-08 11:07:48,14,16,1590,2309
2023-11-08 11:07:49,14,17,1590,2309
2023-11-08 11:07:53,14,16,1590,2309
2023-11-08 11:07:54,14,17,1590,2309
2023-11-08 11:07:58,15,17,1590,2309
2023-11-08 11:08:20,16,17,1590,2309
2023-11-08 11:08:21,16,18,1590,2309
2023-11-08 11:09:28,15,18,1590,2309
2023-11-08 11:09:37,16,18,1590,2309
2023-11-08 11:10:10,16,17,1590,2309
2023-11-08 11:10:12,16,18,1590,2309
2023-11-08 11:10:12,16,17,1590,2309
2023-11-08 11:10:14,15,17,1590,2309
2023-11-08 11:10:26,14,17,1590,2309
2023-11-08 11:10:26,14,16,1590,2309
2023-11-08 11:10:41,13,16,1590,2309
2023-11-08 11:10:41,13,15,1590,2309
2023-11-08 11:11:07,13,16,1590,2309
2023-11-08 11:11:07,13,15,1590,2309
2023-11-08 11:11:37,13,16,1590,2309
2023-11-08 11:11:37,13,15,1590,2309
2023-11-08 11:11:39,13,16,1590,2309
2023-11-08 11:11:39,13,15,1590,2309
2023-11-08 11:12:24,13,14,1590,2309
2023-11-08 11:13:32,12,14,1590,2309
2023-11-08 11:15:06,12,13,1590,2309
2023-11-08 11:15:07,12,14,1590,2309
2023-11-08 11:15:34,12,13,1590,2309
2023-11-08 11:15:35,12,14,1590,2309
2023-11-08 11:15:41,12,13,1590,2309
2023-11-08 11:15:44,12,14,1590,2309
2023-11-08 11:15:44,12,13,1590,2309
2023-11-08 11:15:45,12,14,1590,2309
2023-11-08 11:15:45,12,13,1590,2309
2023-11-08 11:15:46,12,14,1590,2309
2023-11-08 11:15:52,12,13,1590,2309
2023-11-08 11:15:59,12,14,1590,2309
2023-11-08 11:16:00,12,13,1590,2309
2023-11-08 11:16:12,12,14,1590,2309
2023-11-08 11:16:12,12,13,1590,2309
2023-11-08 11:16:22,12,13,1790,2509
2023-11-08 11:16:22,11,13,1840,2559
2023-11-08 11:16:23,11,12,1840,2559
2023-11-08 11:16:26,11,13,1840,2559
2023-11-08 11:16:52,11,14,1840,2559
2023-11-08 11:16:53,12,14,1840,2559
2023-11-08 11:17:01,11,14,1840,2559
2023-11-08 11:17:02,11,13,1840,2559
2023-11-08 11:17:26,11,12,1840,2559
2023-11-08 11:19:06,11,13,1840,2559
2023-11-08 11:19:16,11,12,1840,2559
2023-11-08 11:19:17,11,13,1840,2559
2023-11-08 11:19:17,11,12,1840,2559
2023-11-08 11:20:11,11,13,1840,2559
2023-11-08 11:20:11,11,12,1840,2559
2023-11-08 11:20:23,11,13,1840,2559
2023-11-08 11:21:08,11,14,1840,2559
2023-11-08 11:21:09,11,13,1840,2559
2023-11-08 11:21:12,11,14,1840,2559
2023-11-08 11:21:16,12,14,1840,2559
2023-11-08 11:21:19,12,15,1840,2559
2023-11-08 11:21:23,13,15,1840,2559
2023-11-08 11:21:41,14,15,1840,2559
2023-11-08 11:22:00,13,15,1840,2559
2023-11-08 11:22:21,13,14,1840,2559
2023-11-08 11:22:24,13,15,1840,2559
2023-11-08 11:22:56,14,15,1840,2559
2023-11-08 11:23:18,14,16,1840,2559
2023-11-08 11:23:48,14,15,1840,2559
2023-11-08 11:23:51,14,16,1840,2559
2023-11-08 11:24:16,15,16,1840,2559
2023-11-08 11:24:23,15,17,1840,2559
2023-11-08 11:24:32,16,17,1840,2559
2023-11-08 11:24:40,16,17,1844,3059
2023-11-08 11:24:40,16,18,1844,3059
2023-11-08 11:24:41,17,19,1844,3059
2023-11-08 11:24:42,18,19,1844,3059
2023-11-08 11:24:55,18,19,1840,3259
2023-11-08 11:24:55,18,19,2040,3459
2023-11-08 11:24:56,16,19,2040,3459
2023-11-08 11:24:56,17,19,2040,3459
2023-11-08 11:24:56,17,18,2040,3459
2023-11-08 11:25:21,17,19,2040,3459
2023-11-08 11:25:21,17,18,2040,3459
2023-11-08 11:25:32,15,18,2040,3459
2023-11-08 11:25:32,16,18,2040,3459
2023-11-08 11:25:32,16,17,2040,3459
2023-11-08 11:25:40,16,18,2040,3459
2023-11-08 11:25:40,16,17,2040,3459
2023-11-08 11:25:40,15,17,2040,3459
2023-11-08 11:25:40,17,18,2040,3758
2023-11-08 11:25:41,15,17,2040,3759
2023-11-08 11:25:47,15,18,2040,3759
2023-11-08 11:25:47,15,17,2040,3759
2023-11-08 11:26:05,15,18,2040,3759
2023-11-08 11:26:06,15,17,2040,3759
2023-11-08 11:26:19,15,18,2040,3759
2023-11-08 11:26:25,16,18,2040,3759
2023-11-08 11:26:55,15,18,2040,3759
2023-11-08 11:26:56,15,17,2040,3759
2023-11-08 11:27:17,16,17,2040,3759
2023-11-08 11:27:18,16,18,2040,3759
2023-11-08 11:27:21,15,18,2040,3759
2023-11-08 11:27:26,15,17,2040,3759
2023-11-08 11:27:34,14,17,2040,3759
2023-11-08 11:27:35,14,16,2040,3759
2023-11-08 11:27:37,14,17,2040,3759
2023-11-08 11:27:38,14,16,2040,3759
2023-11-08 11:27:39,14,17,2040,3759
2023-11-08 11:27:45,14,16,2040,3759
2023-11-08 11:27:50,14,17,2040,3759
2023-11-08 11:27:51,14,16,2040,3759
2023-11-08 11:27:55,14,17,2040,3759
2023-11-08 11:27:57,14,16,2040,3759
2023-11-08 11:27:58,14,17,2040,3759
2023-11-08 11:28:03,14,16,2040,3759
2023-11-08 11:28:32,14,15,2040,3759
2023-11-08 11:28:33,13,15,2040,3759
2023-11-08 11:28:58,13,16,2040,3759
2023-11-08 11:29:02,13,15,2040,3759
2023-11-08 11:29:59,13,16,2040,3759
2023-11-08 11:30:00,14,16,2040,3759
2023-11-08 11:30:10,15,16,2040,3759
2023-11-08 11:30:11,14,16,2040,3759
2023-11-08 11:30:17,14,17,2040,3759
2023-11-08 11:30:17,15,17,2040,3759
2023-11-08 11:30:23,14,17,2040,3759
2023-11-08 11:30:24,15,17,2040,3759
2023-11-08 11:30:25,14,17,2040,3759
2023-11-08 11:30:27,14,16,2040,3759
2023-11-08 11:30:33,14,17,2040,3759
2023-11-08 11:30:41,14,16,2040,3759
2023-11-08 11:31:10,13,16,2040,3759
2023-11-08 11:31:11,14,16,2040,3759
2023-11-08 11:31:12,13,16,2040,3759
2023-11-08 11:31:12,14,16,2040,3759
2023-11-08 11:31:16,13,16,2040,3759
2023-11-08 11:31:16,14,16,2040,3759
2023-11-08 11:31:18,13,16,2040,3759
2023-11-08 11:31:25,13,15,2040,3759
2023-11-08 11:31:33,13,14,2040,3759
2023-11-08 11:31:35,12,14,2040,3759
2023-11-08 11:31:43,12,13,2040,3759
2023-11-08 11:31:44,12,14,2040,3759
2023-11-08 11:31:44,12,15,2040,3759
2023-11-08 11:31:46,12,14,2040,3759
2023-11-08 11:31:59,12,15,2040,3759
2023-11-08 11:31:59,13,15,2040,3759
2023-11-08 11:32:04,12,15,2040,3759
2023-11-08 11:32:05,13,15,2040,3759
2023-11-08 11:32:16,13,14,2040,3759
2023-11-08 11:32:17,13,15,2040,3759
2023-11-08 11:33:00,12,15,2040,3759
2023-11-08 11:33:05,13,15,2040,3759
2023-11-08 11:33:38,14,15,2040,3759
2023-11-08 11:33:38,13,15,2040,3958
2023-11-08 11:33:39,14,15,2040,3958
2023-11-08 11:33:40,14,16,2040,3958
2023-11-08 11:33:53,13,16,2040,3958
2023-11-08 11:33:53,14,16,2040,3958
2023-11-08 11:34:02,13,16,2040,3958
2023-11-08 11:34:03,14,16,2040,3958
2023-11-08 11:34:05,13,16,2040,3958
2023-11-08 11:34:13,14,16,2040,3958
2023-11-08 11:34:22,13,16,2040,3958
2023-11-08 11:34:22,14,16,2040,3958
2023-11-08 11:34:23,13,16,2040,3958
2023-11-08 11:34:29,14,16,2040,3958
2023-11-08 11:34:35,13,16,2040,3958
2023-11-08 11:34:36,14,16,2040,3958
2023-11-08 11:34:37,13,16,2040,3958
2023-11-08 11:34:56,13,15,2040,3958
2023-11-08 11:35:01,12,15,2040,3958
2023-11-08 11:35:06,12,14,2040,3958
2023-11-08 11:36:00,12,13,2040,3958
2023-11-08 11:36:02,12,14,2040,3958
2023-11-08 11:36:06,12,13,2040,3958
2023-11-08 11:36:08,12,14,2040,3958
2023-11-08 11:37:01,12,13,2040,3958
2023-11-08 11:37:09,11,13,2040,3958
2023-11-08 11:37:37,11,12,2040,3958
2023-11-08 11:37:43,11,12,2100,4018
2023-11-08 11:37:44,10,12,2140,4058
2023-11-08 11:39:10,11,12,2140,4058
2023-11-08 11:39:10,10,12,2140,4192
2023-11-08 11:39:10,11,12,2140,4192
2023-11-08 11:39:17,11,13,2140,4192
2023-11-08 11:39:35,12,13,2140,4192
2023-11-08 11:39:35,12,13,2140,4432
2023-11-08 11:39:35,12,14,2140,4432
2023-11-08 11:40:15,13,14,2140,4432
2023-11-08 11:40:17,12,14,2140,4432
2023-11-08 11:40:54,12,13,2140,4432
2023-11-08 11:41:07,12,14,2140,4432
2023-11-08 11:41:26,13,14,2140,4432
2023-11-08 11:41:39,12,14,2140,4432
2023-11-08 11:42:00,12,13,2140,4432
2023-11-08 11:42:01,11,13,2140,4432
2023-11-08 11:42:01,10,13,2140,4432
2023-11-08 11:42:01,11,13,2140,4432
2023-11-08 11:42:02,11,12,2140,4432
2023-11-08 11:42:02,10,12,2140,4432
2023-11-08 11:42:11,11,12,2140,4432
2023-11-08 11:42:21,11,13,2140,4432
2023-11-08 11:42:22,12,13,2140,4432
2023-11-08 11:42:28,11,13,2140,4432
2023-11-08 11:42:28,12,13,2140,4432
2023-11-08 11:42:35,12,14,2140,4432
2023-11-08 11:42:43,12,13,2140,4432
2023-11-08 11:42:43,11,13,2140,4432
2023-11-08 11:42:44,11,14,2140,4432
2023-11-08 11:42:44,12,14,2140,4432
2023-11-08 11:42:50,11,14,2140,4432
2023-11-08 11:42:50,12,14,2140,4432
2023-11-08 11:43:02,11,14,2140,4432
2023-11-08 11:43:02,12,14,2140,4432
2023-11-08 11:43:06,12,13,2140,4432
2023-11-08 11:43:10,11,13,2140,4432
2023-11-08 11:43:36,11,12,2140,4432
2023-11-08 11:43:37,10,12,2140,4432
2023-11-08 11:43:37,11,12,2140,4432
2023-11-08 11:43:42,10,12,2140,4432
2023-11-08 11:43:42,11,12,2140,4432
2023-11-08 11:43:53,10,12,2140,4432
2023-11-08 11:44:51,10,11,2140,4432
2023-11-08 11:45:17,9,10,2290,4584
2023-11-08 11:45:18,9,11,2290,4584
2023-11-08 11:46:05,9,10,2290,4584
2023-11-08 11:46:22,9,10,2350,4644
2023-11-08 11:46:24,9,10,2523,4817
2023-11-08 11:48:09,8,9,2540,4834
2023-11-08 11:48:24,8,10,2540,4834
2023-11-08 11:48:24,9,10,2540,4834
2023-11-08 11:48:37,8,10,2540,4834
2023-11-08 11:48:37,9,10,2540,4834
2023-11-08 11:48:51,9,11,2540,4834
2023-11-08 11:48:51,10,11,2540,4834
2023-11-08 11:48:51,10,11,2540,4894
2023-11-08 11:48:53,10,11,2540,4954
2023-11-08 11:49:03,10,12,2540,4954
2023-11-08 11:49:10,11,12,2540,4954
2023-11-08 11:49:24,10,12,2540,4954
2023-11-08 11:49:24,11,12,2540,4954
2023-11-08 11:49:28,10,12,2540,4954
2023-11-08 11:49:36,10,11,2540,4954
2023-11-08 11:50:05,10,12,2540,4954
2023-11-08 11:50:11,10,11,2540,4954
2023-11-08 11:50:45,10,11,2616,5354
2023-11-08 11:50:45,10,11,2866,5604
2023-11-08 11:50:51,10,11,3116,5854
2023-11-08 11:50:52,10,11,3366,6104
2023-11-08 11:50:53,10,11,3616,6354
2023-11-08 11:50:55,10,11,3866,6604
2023-11-08 11:50:56,10,11,4116,6854
2023-11-08 11:50:59,10,13,4216,6954
2023-11-08 11:50:59,11,13,4216,6954
2023-11-08 11:51:31,12,13,4216,6954
2023-11-08 11:51:49,12,13,4216,7154
2023-11-08 11:51:57,11,13,4216,7154
2023-11-08 11:51:57,12,13,4216,7154
2023-11-08 11:52:03,12,13,4216,7274
2023-11-08 11:52:03,10,13,4216,7274
2023-11-08 11:52:03,11,13,4216,7274
2023-11-08 11:52:04,11,12,4216,7274
2023-11-08 11:52:04,10,12,4216,7274
2023-11-08 11:52:05,9,12,4216,7274
2023-11-08 11:52:05,11,12,4216,7274
2023-11-08 11:52:09,11,13,4216,7274
2023-11-08 11:52:09,11,12,4216,7274
2023-11-08 11:52:15,11,13,4216,7274
2023-11-08 11:52:16,11,12,4216,7274
2023-11-08 11:52:17,11,13,4216,7274
2023-11-08 11:52:18,11,12,4216,7274
2023-11-08 11:52:21,11,13,4216,7274
2023-11-08 11:52:29,12,13,4216,7274
2023-11-08 11:52:44,11,13,4216,7274
2023-11-08 11:52:44,12,13,4216,7274
2023-11-08 11:52:58,11,13,4216,7274
2023-11-08 11:52:59,12,13,4216,7274
2023-11-08 11:53:00,11,13,4216,7274
2023-11-08 11:53:18,12,13,4216,7274
2023-11-08 11:53:39,11,13,4216,7274
2023-11-08 11:53:39,12,13,4216,7274
2023-11-08 11:53:41,11,13,4216,7274
2023-11-08 11:53:55,11,12,4216,7274
2023-11-08 11:54:06,10,12,4216,7274
2023-11-08 11:54:07,11,12,4216,7274
2023-11-08 11:54:10,10,12,4216,7274
2023-11-08 11:54:10,11,12,4216,7274
2023-11-08 11:54:12,10,12,4216,7274
2023-11-08 11:54:21,10,11,4216,7274
2023-11-08 11:54:26,10,12,4216,7274
2023-11-08 11:54:28,9,12,4216,7274
2023-11-08 11:54:28,10,12,4216,7274
2023-11-08 11:54:39,11,12,4216,7274
2023-11-08 11:54:40,10,12,4216,7274
2023-11-08 11:54:40,11,12,4216,7274
2023-11-08 11:54:45,10,12,4216,7274
2023-11-08 11:54:45,11,12,4216,7274
2023-11-08 11:54:52,10,12,4216,7274
2023-11-08 11:54:52,11,12,4216,7274
2023-11-08 11:54:55,10,12,4216,7274
2023-11-08 11:55:06,11,12,4216,7274
2023-11-08 11:55:09,10,12,4216,7274
2023-11-08 11:55:20,9,12,4216,7274
2023-11-08 11:55:20,10,12,4216,7274
2023-11-08 11:55:21,10,11,4216,7274
2023-11-08 11:55:44,10,12,4216,7274
2023-11-08 11:55:46,10,11,4216,7274
2023-11-08 11:55:48,10,12,4216,7274
2023-11-08 11:55:49,10,11,4216,7274
2023-11-08 11:55:51,10,12,4216,7274
2023-11-08 11:55:57,11,12,4216,7274
2023-11-08 11:55:57,11,12,4216,7334
2023-11-08 11:55:57,10,12,4216,7334
2023-11-08 11:56:04,11,12,4216,7334
2023-11-08 11:56:19,10,12,4216,7334
2023-11-08 11:56:19,11,12,4216,7334
2023-11-08 11:56:26,11,13,4216,7334
2023-11-08 11:56:36,12,13,4216,7334
2023-11-08 11:56:36,12,13,4216,7394
2023-11-08 11:56:36,11,13,4216,7394
2023-11-08 11:56:39,12,13,4216,7394
2023-11-08 11:56:57,12,14,4216,7394
2023-11-08 11:56:57,13,14,4216,7394
2023-11-08 11:57:03,12,14,4216,7394
2023-11-08 11:57:03,13,14,4216,7394
2023-11-08 11:57:04,12,14,4216,7394
2023-11-08 11:57:05,13,14,4216,7394
2023-11-08 11:57:07,12,14,4216,7394
2023-11-08 11:57:12,13,14,4216,7394
2023-11-08 11:57:32,12,14,4216,7394
2023-11-08 11:57:40,12,13,4216,7394
2023-11-08 11:57:41,11,13,4216,7394
2023-11-08 11:57:41,12,13,4216,7394
2023-11-08 11:57:50,12,14,4216,7394
2023-11-08 11:58:13,13,14,4216,7394
2023-11-08 11:59:21,12,14,4216,7394
2023-11-08 11:59:21,13,14,4216,7394
2023-11-08 11:59:46,13,15,4216,7394
2023-11-08 11:59:46,14,15,4216,7394
2023-11-08 12:00:14,14,16,4340,7594
2023-11-08 12:00:20,15,16,4340,7594
2023-11-08 12:00:24,14,16,4340,7594
2023-11-08 12:00:24,15,16,4340,7594
2023-11-08 12:00:43,14,16,4340,7594
2023-11-08 12:00:43,15,16,4340,7594
2023-11-08 12:00:54,15,17,4340,7594
2023-11-08 12:00:54,15,18,4340,7594
2023-11-08 12:00:54,16,18,4340,7594
2023-11-08 12:00:55,16,19,4340,7594
2023-11-08 12:00:55,15,19,4340,7594
2023-11-08 12:00:55,17,19,4340,7594
2023-11-08 12:00:58,16,19,4340,7594
2023-11-08 12:01:01,17,19,4340,7594
2023-11-08 12:01:02,16,19,4340,7594
2023-11-08 12:01:06,17,19,4340,7594
2023-11-08 12:01:12,18,19,4340,7594
2023-11-08 12:01:13,17,19,4340,7594
2023-11-08 12:01:13,18,19,4340,7594
2023-11-08 12:01:14,17,19,4340,7594
2023-11-08 12:01:15,18,19,4340,7594
2023-11-08 12:01:18,17,19,4340,7594
2023-11-08 12:01:21,18,19,4340,7594
2023-11-08 12:01:23,18,20,4340,7594
2023-11-08 12:01:31,19,20,4340,7594
2023-11-08 12:01:31,19,21,4341,7595
2023-11-08 12:01:33,19,22,4609,7863
2023-11-08 12:01:34,19,21,4609,7863
2023-11-08 12:01:36,19,22,4609,7863
2023-11-08 12:01:36,19,21,4609,7863
2023-11-08 12:01:37,20,21,4609,7863
2023-11-08 12:01:37,20,22,4609,7863
2023-11-08 12:01:38,19,22,4609,7863
2023-11-08 12:01:40,20,22,4609,7863
2023-11-08 12:02:01,19,22,4609,7863
2023-11-08 12:02:02,19,21,4609,7863
2023-11-08 12:02:06,18,21,4609,7863
2023-11-08 12:02:08,19,21,4609,7863
2023-11-08 12:02:20,19,22,4609,7863
2023-11-08 12:02:20,19,21,4609,7863
2023-11-08 12:02:22,19,22,4609,7863
2023-11-08 12:02:22,19,21,4609,7863
2023-11-08 12:02:22,19,22,4846,8100
2023-11-08 12:02:25,20,22,4846,8100
2023-11-08 12:02:29,19,22,4846,8100
2023-11-08 12:02:31,19,21,4846,8100
2023-11-08 12:02:39,19,22,4846,8100
2023-11-08 12:02:40,19,21,4846,8100
2023-11-08 12:02:47,18,21,4846,8100
2023-11-08 12:02:47,19,21,4846,8100
2023-11-08 12:02:48,18,21,4846,8100
2023-11-08 12:02:49,19,21,4846,8100
2023-11-08 12:02:53,18,21,4846,8100
2023-11-08 12:03:01,19,21,4846,8100
2023-11-08 12:03:29,19,22,4846,8100
2023-11-08 12:03:29,19,21,4846,8100
2023-11-08 12:03:30,19,22,4846,8100
2023-11-08 12:03:36,19,21,4846,8100
2023-11-08 12:03:41,19,22,4846,8100
2023-11-08 12:03:46,19,21,4846,8100
2023-11-08 12:03:49,19,22,4846,8100
2023-11-08 12:03:53,20,22,4846,8100
2023-11-08 12:03:54,19,22,4846,8100
2023-11-08 12:04:16,19,21,4846,8100
2023-11-08 12:04:20,18,21,4846,8100
2023-11-08 12:04:27,18,20,4846,8100
2023-11-08 12:04:35,18,21,4846,8100
2023-11-08 12:04:36,18,20,4846,8100
2023-11-08 12:04:47,18,21,4846,8100
2023-11-08 12:04:54,19,21,4846,8100
2023-11-08 12:05:03,19,22,4846,8100
2023-11-08 12:05:04,19,21,4846,8100
2023-11-08 12:05:06,19,22,4846,8100
2023-11-08 12:05:07,19,21,4846,8100
2023-11-08 12:05:08,19,22,4846,8100
2023-11-08 12:05:13,20,22,4846,8100
2023-11-08 12:05:34,19,22,4846,8100
2023-11-08 12:05:35,19,21,4846,8100
2023-11-08 12:05:47,19,22,4846,8100
2023-11-08 12:05:47,19,21,4846,8100
2023-11-08 12:05:49,19,22,4846,8100
2023-11-08 12:05:49,19,21,4846,8100
2023-11-08 12:05:50,19,22,4846,8100
2023-11-08 12:05:52,20,22,4846,8100
2023-11-08 12:05:53,19,22,4846,8100
2023-11-08 12:05:55,20,22,4846,8100
2023-11-08 12:06:02,21,22,4846,8100
2023-11-08 12:06:36,21,23,4874,8128
2023-11-08 12:06:47,21,22,4874,8128
2023-11-08 12:06:52,20,22,4874,8128
2023-11-08 12:06:54,19,22,4874,8128
2023-11-08 12:06:55,19,21,4874,8128
2023-11-08 12:07:00,20,21,4874,8128
2023-11-08 12:07:00,20,22,4874,8128
2023-11-08 12:07:02,19,22,4874,8128
2023-11-08 12:07:03,20,22,4874,8128
2023-11-08 12:07:07,20,23,4874,8128
2023-11-08 12:07:08,20,22,4874,8128
2023-11-08 12:07:09,20,23,4874,8128
2023-11-08 12:07:11,22,23,4874,8128
2023-11-08 12:07:13,22,24,5075,8329
2023-11-08 12:07:19,23,24,5075,8329
2023-11-08 12:07:19,23,24,5075,8529
2023-11-08 12:07:19,23,25,5110,8564
2023-11-08 12:07:22,24,25,5110,8564
2023-11-08 12:07:22,24,26,5311,8765
2023-11-08 12:07:24,24,26,5661,9115
2023-11-08 12:07:24,25,26,5661,9115
2023-11-08 12:07:24,25,27,5661,9115
2023-11-08 12:07:25,26,27,5661,9115
2023-11-08 12:07:28,27,28,5661,9116
2023-11-08 12:07:37,28,29,5661,9117
2023-11-08 12:07:43,28,29,6011,9467
2023-11-08 12:07:44,28,30,6011,9467
2023-11-08 12:07:44,28,29,6011,9467
2023-11-08 12:07:47,28,30,6176,9632
2023-11-08 12:07:48,28,29,6176,9632
2023-11-08 12:07:50,28,30,6334,9790
2023-11-08 12:07:50,29,30,6334,9790
2023-11-08 12:07:53,29,31,6526,9982
2023-11-08 12:07:54,30,31,6526,9982
2023-11-08 12:08:02,31,32,6526,9983
2023-11-08 12:08:03,30,32,6526,9983
2023-11-08 12:08:03,31,32,6526,9983
2023-11-08 12:08:03,31,32,6876,10333
2023-11-08 12:08:04,31,33,6876,10333
2023-11-08 12:08:09,31,32,6876,10333
2023-11-08 12:08:10,31,33,6876,10333
2023-11-08 12:08:11,32,33,6876,10333
2023-11-08 12:08:11,32,33,6876,10383
2023-11-08 12:08:11,32,33,6876,10433
2023-11-08 12:08:15,33,34,6876,10434
2023-11-08 12:08:21,34,35,6876,10435
2023-11-08 12:08:29,33,35,6876,10435
2023-11-08 12:08:38,32,35,6876,10435
2023-11-08 12:08:38,32,34,6876,10435
2023-11-08 12:08:40,32,35,6876,10435
2023-11-08 12:08:47,33,35,6876,10435
2023-11-08 12:08:49,33,35,6876,10585
2023-11-08 12:08:54,33,35,6526,10935
2023-11-08 12:08:59,32,35,6328,11133
2023-11-08 12:08:59,32,34,6328,11133
2023-11-08 12:09:03,32,35,6328,11133
2023-11-08 12:09:09,33,35,6328,11133
2023-11-08 12:09:11,32,35,6328,11133
2023-11-08 12:09:14,32,34,6328,11133
2023-11-08 12:09:15,31,34,6328,11133
2023-11-08 12:09:22,31,33,6328,11133
2023-11-08 12:09:23,30,33,6128,11333
2023-11-08 12:09:24,31,33,6128,11333
2023-11-08 12:09:24,31,33,6128,11513
2023-11-08 12:09:25,30,33,6128,11513
2023-11-08 12:09:32,31,33,6128,11513
2023-11-08 12:09:58,30,33,6128,11513
2023-11-08 12:10:00,31,33,6128,11513
2023-11-08 12:10:00,31,33,6239,11663
2023-11-08 12:10:01,30,33,6239,11663
2023-11-08 12:10:04,31,33,6239,11663
2023-11-08 12:10:11,31,34,6328,11863
2023-11-08 12:10:22,30,34,6328,11863
2023-11-08 12:10:23,30,33,6328,11863
2023-11-08 12:10:26,30,32,6328,11863
2023-11-08 12:10:34,29,32,6328,11863
2023-11-08 12:10:36,29,31,6328,11863
2023-11-08 12:10:45,28,31,6328,11863
2023-11-08 12:10:47,28,30,6328,11863
2023-11-08 12:11:03,27,30,6328,11863
2023-11-08 12:11:08,27,29,6328,11863
2023-11-08 12:11:33,26,29,6328,11863
2023-11-08 12:11:34,26,28,6328,11863
2023-11-08 12:11:35,25,28,6328,11863
2023-11-08 12:12:20,26,28,6328,11863
2023-11-08 12:12:33,25,28,6328,11863
2023-11-08 12:12:39,25,27,6328,11863
2023-11-08 12:13:57,24,27,6328,11863
2023-11-08 12:13:57,24,26,6328,11863
2023-11-08 12:14:01,24,27,6328,11863
2023-11-08 12:14:01,24,26,6328,11863
2023-11-08 12:14:04,24,27,6328,11863
2023-11-08 12:14:05,24,26,6328,11863
2023-11-08 12:14:22,24,27,6328,11863
2023-11-08 12:14:38,25,27,6328,11863
2023-11-08 12:14:52,25,28,6328,11863
2023-11-08 12:15:01,26,28,6328,11863
2023-11-08 12:15:02,26,29,6328,11863
2023-11-08 12:15:25,27,29,6328,11863
2023-11-08 12:15:33,26,29,6328,11863
2023-11-08 12:15:36,26,28,6328,11863
2023-11-08 12:15:39,25,28,6328,11863
2023-11-08 12:15:46,25,27,6328,11863
2023-11-08 12:15:53,24,27,6328,11863
2023-11-08 12:16:10,24,28,6328,11863
2023-11-08 12:16:10,25,28,6328,11863
2023-11-08 12:16:23,26,28,6328,11863
2023-11-08 12:16:29,25,28,6328,11863
2023-11-08 12:16:34,24,28,6328,11863
2023-11-08 12:16:34,24,27,6328,11863
2023-11-08 12:16:43,24,26,6328,11863
2023-11-08 12:16:44,23,26,6328,11863
2023-11-08 12:16:44,23,25,6328,11863
2023-11-08 12:17:09,23,26,6328,11863
2023-11-08 12:17:23,24,26,6328,11863
2023-11-08 12:17:35,24,27,6328,11863
2023-11-08 12:18:19,24,26,6328,11863
2023-11-08 12:18:29,23,26,6328,11863
2023-11-08 12:18:52,23,27,6328,11863
2023-11-08 12:18:56,24,27,6328,11863
2023-11-08 12:19:10,23,27,6328,11863
2023-11-08 12:19:11,23,26,6328,11863
2023-11-08 12:19:14,23,27,6328,11863
2023-11-08 12:19:15,23,26,6328,11863
2023-11-08 12:19:25,23,27,6328,11863
2023-11-08 12:19:31,23,26,6328,11863
2023-11-08 12:20:22,23,25,6328,11863
2023-11-08 12:20:47,23,24,6328,11863
2023-11-08 12:20:47,22,24,6328,11863
2023-11-08 12:21:06,22,23,6328,11863
2023-11-08 12:21:09,21,23,6328,11863
2023-11-08 12:21:24,21,24,6328,11863
2023-11-08 12:21:40,21,25,6328,11863
2023-11-08 12:21:40,22,25,6328,11863
2023-11-08 12:21:58,22,24,6328,11863
2023-11-08 12:22:10,21,24,6328,11863
2023-11-08 12:22:31,22,24,6328,11863
2023-11-08 12:22:33,21,24,6328,11863
2023-11-08 12:22:37,22,24,6328,11863
2023-11-08 12:22:40,22,25,6328,11863
2023-11-08 12:22:44,22,24,6328,11863
2023-11-08 12:22:52,22,25,6328,11863
2023-11-08 12:23:28,23,25,6328,11863
2023-11-08 12:23:33,22,25,6328,11863
2023-11-08 12:24:59,22,24,6328,11863
2023-11-08 12:25:02,22,25,6328,11863
2023-11-08 12:25:23,22,24,6328,11863
2023-11-08 12:25:31,21,24,6328,11863
2023-11-08 12:25:36,21,23,6328,11863
2023-11-08 12:25:55,21,24,6328,11863
2023-11-08 12:25:59,22,24,6328,11863
2023-11-08 12:26:01,21,24,6328,11863
2023-11-08 12:26:02,22,24,6328,11863
2023-11-08 12:26:05,21,24,6328,11863
2023-11-08 12:26:08,22,24,6328,11863
2023-11-08 12:26:13,21,24,6328,11863
2023-11-08 12:26:17,22,24,6328,11863
2023-11-08 12:26:29,22,25,6328,11863
2023-11-08 12:27:04,22,24,6328,11863
2023-11-08 12:27:09,22,25,6328,11863
2023-11-08 12:27:16,23,25,6328,11863
2023-11-08 12:27:30,22,25,6328,11863
2023-11-08 12:27:37,22,24,6328,11863
2023-11-08 12:27:42,22,25,6328,11863
2023-11-08 12:27:53,22,24,6328,11863
2023-11-08 12:27:55,22,25,6328,11863
2023-11-08 12:27:56,22,24,6328,11863
2023-11-08 12:28:02,22,25,6328,11863
2023-11-08 12:28:18,23,25,6328,11863
2023-11-08 12:28:24,24,25,6328,11863
2023-11-08 12:28:24,24,26,6328,11863
2023-11-08 12:28:25,24,27,6328,11863
2023-11-08 12:29:06,24,26,6328,11863
2023-11-08 12:29:07,23,26,6328,11863
2023-11-08 12:29:18,23,25,6328,11863
2023-11-08 12:29:18,22,25,6328,11863
2023-11-08 12:29:28,23,25,6328,11863
2023-11-08 12:29:37,22,25,6328,11863
2023-11-08 12:29:50,23,25,6328,11863
2023-11-08 12:30:01,23,26,6328,11863
2023-11-08 12:30:08,24,26,6328,11863
2023-11-08 12:30:11,24,27,6328,11863
2023-11-08 12:30:17,24,26,6328,11863
2023-11-08 12:30:18,23,26,6328,11863
2023-11-08 12:30:19,24,26,6328,11863
2023-11-08 12:30:20,24,27,6328,11863
2023-11-08 12:30:32,24,26,6328,11863
2023-11-08 12:30:33,23,26,6328,11863
2023-11-08 12:30:52,23,27,6328,11863
2023-11-08 12:30:52,24,27,6328,11863
2023-11-08 12:31:06,24,26,6328,11863
2023-11-08 12:31:10,24,27,6328,11863
2023-11-08 12:31:51,24,26,6328,11863
2023-11-08 12:31:55,24,27,6328,11863
2023-11-08 12:31:55,25,27,6328,11863
2023-11-08 12:32:32,25,28,6328,11863
2023-11-08 12:32:33,26,28,6328,11863
2023-11-08 12:33:04,25,28,6328,11863
2023-11-08 12:33:32,25,27,6328,11863
2023-11-08 12:33:39,25,28,6328,11863
2023-11-08 12:33:40,25,27,6328,11863
2023-11-08 12:33:41,25,28,6328,11863
2023-11-08 12:33:42,25,27,6328,11863
2023-11-08 12:33:51,24,27,6328,11863
2023-11-08 12:34:05,25,27,6328,11863
2023-11-08 12:34:06,25,28,6328,11863
2023-11-08 12:34:35,25,27,6328,11863
2023-11-08 12:34:38,24,27,6328,11863
2023-11-08 12:34:43,24,26,6328,11863
2023-11-08 12:34:45,23,26,6328,11863
2023-11-08 12:35:06,24,26,6328,11863
2023-11-08 12:35:17,24,27,6328,11863
2023-11-08 12:35:25,24,26,6328,11863
2023-11-08 12:35:26,24,27,6328,11863
2023-11-08 12:35:28,24,26,6328,11863
2023-11-08 12:35:38,24,27,6328,11863
2023-11-08 12:36:07,25,27,6328,11863
2023-11-08 12:36:26,24,27,6328,11863
2023-11-08 12:36:48,24,26,6328,11863
2023-11-08 12:36:48,23,26,6328,11863
2023-11-08 12:36:51,23,25,6328,11863
2023-11-08 12:37:04,22,25,6328,11863
2023-11-08 12:37:09,22,24,6328,11863
2023-11-08 12:37:40,21,24,6328,11863
2023-11-08 12:37:48,21,23,6328,11863
2023-11-08 12:38:05,21,22,6328,11863
2023-11-08 12:38:11,20,22,6328,11863
2023-11-08 12:38:46,20,21,6328,11863
2023-11-08 12:38:59,19,21,6348,11898
2023-11-08 12:39:11,19,20,6348,11898
2023-11-08 12:39:12,18,20,6348,11898
2023-11-08 12:39:17,17,20,6348,11898
2023-11-08 12:39:23,18,20,6348,11898
2023-11-08 12:39:26,18,19,6348,11898
2023-11-08 12:39:26,18,19,6348,12078
2023-11-08 12:39:26,17,19,6348,12078
2023-11-08 12:39:27,16,19,6348,12078
2023-11-08 12:39:28,17,19,6348,12078
2023-11-08 12:39:29,17,18,6348,12078
2023-11-08 12:39:29,16,18,6348,12078
2023-11-08 12:39:46,16,17,6348,12078
2023-11-08 12:39:54,16,17,6348,12138
2023-11-08 12:39:55,15,17,6119,12367
2023-11-08 12:39:57,16,17,6119,12367
2023-11-08 12:40:03,15,17,6002,12484
2023-11-08 12:40:03,16,17,6002,12484
2023-11-08 12:40:06,16,18,6002,12484
2023-11-08 12:40:10,16,17,6002,12484
2023-11-08 12:40:11,15,17,6002,12484
2023-11-08 12:40:12,16,17,6002,12484
2023-11-08 12:40:18,15,17,6002,12484
2023-11-08 12:40:38,15,17,6313,13104
2023-11-08 12:40:39,15,16,6313,13104
2023-11-08 12:41:28,14,16,6313,13104
2023-11-08 12:41:28,15,16,6313,13104
2023-11-08 12:41:29,14,15,6207,13210
2023-11-08 12:41:39,14,16,6207,13210
2023-11-08 12:41:39,15,16,6207,13210
2023-11-08 12:41:39,15,16,6207,13270
2023-11-08 12:41:43,14,16,6207,13270
2023-11-08 12:41:52,15,16,6207,13270
2023-11-08 12:41:53,14,16,6207,13270
2023-11-08 12:41:59,15,16,6207,13270
2023-11-08 12:42:01,15,17,6207,13270
2023-11-08 12:42:02,16,17,6207,13270
2023-11-08 12:42:11,15,17,6207,13270
2023-11-08 12:42:11,16,17,6207,13270
2023-11-08 12:42:21,16,18,6207,13270
2023-11-08 12:42:23,16,17,6207,13270
2023-11-08 12:42:31,15,17,6207,13270
2023-11-08 12:42:31,16,17,6207,13270
2023-11-08 12:42:40,16,17,6207,13330
2023-11-08 12:42:40,14,17,6207,13330
2023-11-08 12:42:40,15,17,6207,13330
2023-11-08 12:42:49,16,17,6207,13330
2023-11-08 12:42:51,15,17,6207,13330
2023-11-08 12:42:51,16,17,6207,13330
2023-11-08 12:42:54,14,17,6207,13330
2023-11-08 12:42:54,16,17,6207,13330
2023-11-08 12:43:22,16,18,6207,13330
2023-11-08 12:44:04,16,17,6207,13330
2023-11-08 12:44:04,15,17,6207,13330
2023-11-08 12:44:04,14,17,6207,13330
2023-11-08 12:44:04,15,17,6207,13330
2023-11-08 12:44:12,15,16,6207,13330
2023-11-08 12:44:22,15,17,6207,13330
2023-11-08 12:44:23,14,17,6207,13330
2023-11-08 12:44:23,15,17,6207,13330
2023-11-08 12:44:38,15,16,6207,13330
2023-11-08 12:44:44,14,16,6207,13330
2023-11-08 12:44:44,15,16,6207,13330
2023-11-08 12:45:04,15,17,6207,13330
2023-11-08 12:45:05,15,16,6207,13330
2023-11-08 12:45:09,14,16,6207,13330
2023-11-08 12:45:09,15,16,6207,13330
2023-11-08 12:45:10,14,16,6207,13330
2023-11-08 12:45:10,15,16,6207,13330
2023-11-08 12:45:31,14,16,6207,13330
2023-11-08 12:45:37,14,15,6207,13330
2023-11-08 12:45:53,13,15,6207,13330
2023-11-08 12:45:53,14,15,6207,13330
2023-11-08 12:46:16,13,15,6207,13330
2023-11-08 12:46:16,14,15,6207,13330
2023-11-08 12:46:21,13,15,6207,13330
2023-11-08 12:46:21,14,15,6207,13330
2023-11-08 12:46:24,13,15,6207,13330
2023-11-08 12:46:24,14,15,6207,13330
2023-11-08 12:46:29,13,15,6207,13330
2023-11-08 12:46:29,14,15,6207,13330
2023-11-08 12:46:57,14,16,6207,13330
2023-11-08 12:47:00,15,16,6207,13330
2023-11-08 12:47:02,15,17,6207,13330
2023-11-08 12:47:37,14,17,6207,13330
2023-11-08 12:47:37,15,17,6207,13330
2023-11-08 12:47:45,14,17,6207,13330
2023-11-08 12:47:45,15,17,6207,13330
2023-11-08 12:47:51,15,16,6207,13330
2023-11-08 12:48:03,14,16,6207,13330
2023-11-08 12:48:03,15,16,6207,13330
2023-11-08 12:48:17,14,16,6207,13330
2023-11-08 12:48:17,15,16,6207,13330
2023-11-08 12:48:21,15,17,6207,13330
2023-11-08 12:48:52,14,17,6207,13330
2023-11-08 12:48:52,16,17,6207,13330
2023-11-08 12:48:56,14,17,6207,13330
2023-11-08 12:48:56,16,17,6207,13330
2023-11-08 12:49:14,14,17,6207,13330
2023-11-08 12:49:14,16,17,6207,13330
2023-11-08 12:49:15,14,17,6207,13330
2023-11-08 12:49:15,15,17,6207,13330
2023-11-08 12:49:52,15,16,6207,13330
2023-11-08 12:50:24,15,17,6207,13330
2023-11-08 12:50:32,16,17,6207,13330
2023-11-08 12:50:40,16,18,6207,13330
2023-11-08 12:50:44,16,17,6207,13330
2023-11-08 12:51:03,14,17,6207,13330
2023-11-08 12:51:03,16,17,6207,13330
2023-11-08 12:51:04,14,17,6207,13330
2023-11-08 12:51:04,16,17,6207,13330
2023-11-08 12:51:17,16,18,6207,13530
2023-11-08 12:52:04,16,17,6207,13530
2023-11-08 12:52:10,16,18,6207,13530
2023-11-08 12:52:22,15,18,6207,13530
2023-11-08 12:52:22,16,18,6207,13530
2023-11-08 12:52:43,17,18,6207,13530
2023-11-08 12:52:56,17,19,6207,13530
2023-11-08 12:53:02,16,19,6207,13530
2023-11-08 12:53:03,17,19,6207,13530
2023-11-08 12:53:08,17,18,6207,13530
2023-11-08 12:53:08,16,18,6207,13530
2023-11-08 12:53:25,16,19,6207,13530
2023-11-08 12:53:30,16,18,6207,13530
2023-11-08 12:53:55,16,17,6207,13530
2023-11-08 12:54:01,15,17,6207,13530
2023-11-08 12:54:01,16,17,6207,13530
2023-11-08 12:54:09,16,18,6207,13530
2023-11-08 12:54:25,16,17,6207,13530
2023-11-08 12:54:26,15,17,6207,13530
2023-11-08 12:54:26,16,17,6207,13530
2023-11-08 12:54:27,14,17,6207,13530
2023-11-08 12:54:27,15,17,6207,13530
2023-11-08 12:54:44,15,16,6207,13530
2023-11-08 12:54:56,15,17,6207,13530
2023-11-08 12:54:58,14,17,6207,13530
2023-11-08 12:54:58,15,17,6207,13530
2023-11-08 12:55:07,16,17,6207,13530
2023-11-08 12:55:08,16,18,6207,13530
2023-11-08 12:55:57,16,17,6207,13530
2023-11-08 12:55:57,15,17,6207,13530
2023-11-08 12:55:58,16,17,6207,13530
2023-11-08 12:56:00,15,17,6207,13530
2023-11-08 12:56:01,16,17,6207,13530
2023-11-08 12:56:02,14,17,6207,13530
2023-11-08 12:56:02,15,17,6207,13530
2023-11-08 12:56:05,16,17,6207,13530
2023-11-08 12:56:14,16,18,6207,13530
2023-11-08 12:56:19,16,19,6207,13530
2023-11-08 12:56:19,17,19,6207,13530
2023-11-08 12:56:21,17,20,6207,13530
2023-11-08 12:56:21,17,19,6207,13530
2023-11-08 12:56:24,16,19,6207,13530
2023-11-08 12:56:24,17,19,6207,13530
2023-11-08 12:57:22,17,18,6207,13530
2023-11-08 12:57:23,16,18,6207,13530
2023-11-08 12:57:25,17,18,6207,13530
2023-11-08 12:57:26,17,19,6207,13530
2023-11-08 12:57:36,18,19,6207,13530
2023-11-08 12:57:37,18,20,6207,13530
2023-11-08 12:57:43,17,20,6207,13530
2023-11-08 12:57:43,18,20,6207,13530
2023-11-08 12:57:53,17,20,6207,13530
2023-11-08 12:58:05,17,19,6207,13530
2023-11-08 12:58:15,17,18,6207,13530
2023-11-08 12:58:15,16,18,6207,13530
2023-11-08 12:58:22,17,18,6207,13530
2023-11-08 12:58:25,17,19,6207,13530
2023-11-08 12:58:27,17,18,6207,13530
2023-11-08 12:58:30,16,18,6207,13530
2023-11-08 12:58:31,17,18,6207,13530
2023-11-08 12:58:41,16,18,6207,13530
2023-11-08 12:58:41,17,18,6207,13530
2023-11-08 12:58:42,16,18,6207,13530
2023-11-08 12:59:01,16,17,6207,13530
2023-11-08 12:59:11,14,17,6207,13530
2023-11-08 12:59:11,15,17,6207,13530
2023-11-08 12:59:26,15,16,6207,13530
2023-11-08 12:59:33,15,17,6207,13530
2023-11-08 12:59:34,15,16,6207,13530
2023-11-08 12:59:34,14,16,6207,13530
2023-11-08 12:59:34,15,16,6207,13530
2023-11-08 12:59:35,15,17,6207,13530
2023-11-08 12:59:37,15,16,6207,13530
2023-11-08 12:59:42,15,17,6207,13530
2023-11-08 12:59:56,15,16,6207,13530
2023-11-08 13:00:01,15,17,6207,13530
2023-11-08 13:00:20,16,17,6207,13530
2023-11-08 13:00:44,14,17,6207,13530
2023-11-08 13:00:44,16,17,6207,13530
2023-11-08 13:00:45,14,17,6207,13530
2023-11-08 13:00:45,16,17,6207,13530
2023-11-08 13:00:55,14,17,6207,13530
2023-11-08 13:00:55,15,17,6207,13530
2023-11-08 13:01:03,15,16,6207,13530
2023-11-08 13:01:26,15,17,6207,13530
2023-11-08 13:01:40,15,18,6207,13530
2023-11-08 13:01:40,16,18,6207,13530
2023-11-08 13:01:43,16,19,6207,13530
2023-11-08 13:01:52,16,18,6207,13530
2023-11-08 13:01:59,16,19,6207,13530
2023-11-08 13:02:00,17,19,6207,13530
2023-11-08 13:02:08,17,18,6207,13530
2023-11-08 13:02:08,16,18,6207,13530
2023-11-08 13:02:08,15,18,6207,13530
2023-11-08 13:02:08,16,18,6207,13530
2023-11-08 13:02:09,16,17,6207,13530
2023-11-08 13:02:09,15,17,6207,13530
2023-11-08 13:02:09,14,17,6207,13530
2023-11-08 13:02:09,16,17,6207,13530
2023-11-08 13:02:10,14,17,6207,13530
2023-11-08 13:02:10,16,17,6207,13530
2023-11-08 13:02:11,16,17,6207,13540
2023-11-08 13:02:12,14,16,6202,13632
2023-11-08 13:02:12,15,16,6202,13632
2023-11-08 13:02:13,15,17,6202,13632
2023-11-08 13:02:56,14,17,6202,13632
2023-11-08 13:02:56,15,17,6202,13632
2023-11-08 13:03:18,15,16,6202,13632
2023-11-08 13:03:20,14,15,6202,13761
2023-11-08 13:03:20,13,15,6202,13761
2023-11-08 13:03:20,14,15,6202,13761
2023-11-08 13:03:21,13,14,6202,13952
2023-11-08 13:03:23,12,14,6202,13952
2023-11-08 13:03:25,13,14,6202,13952
2023-11-08 13:03:26,12,14,6202,13952
2023-11-08 13:03:35,13,14,6202,13952
2023-11-08 13:03:36,12,14,6202,13952
2023-11-08 13:03:38,12,13,6202,13952
2023-11-08 13:03:38,11,12,6702,14723
2023-11-08 13:03:38,11,12,6742,14763
2023-11-08 13:03:39,11,13,6742,14763
2023-11-08 13:03:39,10,13,6742,14763
2023-11-08 13:03:39,10,12,6742,14763
2023-11-08 13:03:40,11,12,6742,14763
2023-11-08 13:03:41,10,12,6742,14763
2023-11-08 13:03:43,10,11,6742,14763
2023-11-08 13:03:59,9,11,6424,15086
2023-11-08 13:04:00,10,11,6424,15086
2023-11-08 13:04:07,10,12,6424,15086
2023-11-08 13:04:07,11,12,6424,15086
2023-11-08 13:04:08,11,12,6494,15156
2023-11-08 13:04:14,10,12,6494,15156
2023-11-08 13:04:21,10,11,6494,15156
2023-11-08 13:04:31,9,11,6494,15156
2023-11-08 13:04:33,9,10,6494,15156
2023-11-08 13:04:35,9,11,6494,15156
2023-11-08 13:04:36,9,10,6494,15156
2023-11-08 13:04:40,9,11,6494,15156
2023-11-08 13:05:02,9,10,6494,15156
2023-11-08 13:05:03,9,11,6494,15156
2023-11-08 13:05:04,9,10,6494,15156
2023-11-08 13:05:05,9,11,6494,15156
2023-11-08 13:05:07,9,11,6494,15316
2023-11-08 13:05:11,8,11,6494,15316
2023-11-08 13:05:14,9,10,6494,15316
2023-11-08 13:05:17,8,10,6494,15316
2023-11-08 13:05:19,9,10,6494,15316
2023-11-08 13:05:33,9,10,6694,15516
2023-11-08 13:05:33,8,10,6694,15516
2023-11-08 13:05:34,8,9,6694,15516
2023-11-08 13:05:41,7,8,6794,15616
2023-11-08 13:05:52,7,9,6794,15616
2023-11-08 13:05:52,8,9,6794,15616
2023-11-08 13:06:06,7,9,6794,15616
2023-11-08 13:06:06,7,8,6794,15616
2023-11-08 13:06:36,6,7,6944,15766
2023-11-08 13:07:29,6,8,6944,15766
2023-11-08 13:07:29,7,8,6944,15766
2023-11-08 13:07:32,7,9,6944,15766
2023-11-08 13:07:33,8,9,6944,15766
2023-11-08 13:07:33,8,9,7124,15946
2023-11-08 13:07:33,7,9,7124,15946
2023-11-08 13:07:47,7,8,7124,15946
2023-11-08 13:08:18,6,8,7124,15946
2023-11-08 13:08:20,7,8,7124,15946
2023-11-08 13:08:33,6,8,7124,15946
2023-11-08 13:08:40,7,8,7124,15946
2023-11-08 13:08:48,6,8,7124,15946
2023-11-08 13:08:57,7,8,7124,15946
2023-11-08 13:09:03,6,8,7124,15946
2023-11-08 13:09:13,6,7,7124,15946
2023-11-08 13:10:11,6,8,7124,15946
2023-11-08 13:10:11,7,8,7124,15946
2023-11-08 13:10:34,7,9,7124,15946
2023-11-08 13:10:34,6,9,7124,15946
2023-11-08 13:10:35,7,9,7124,15946
2023-11-08 13:10:37,8,9,7124,15946
2023-11-08 13:11:49,7,9,7124,15946
2023-11-08 13:11:49,8,9,7124,15946
2023-11-08 13:11:51,8,9,7237,16059
2023-11-08 13:12:03,7,9,7278,16100
2023-11-08 13:12:20,7,9,7378,16200
2023-11-08 13:12:22,6,9,7378,16200
2023-11-08 13:12:24,6,8,7378,16200
2023-11-08 13:12:33,7,8,7378,16200
2023-11-08 13:12:42,7,9,7378,16200
2023-11-08 13:13:04,8,9,7378,16200
2023-11-08 13:13:14,8,10,7378,16200
2023-11-08 13:13:22,9,10,7378,16200
2023-11-08 13:13:23,9,11,7378,16200
2023-11-08 13:13:30,10,11,7378,16200
2023-11-08 13:13:47,9,11,7378,16200
2023-11-08 13:13:49,9,10,7378,16200
2023-11-08 13:13:52,8,10,7378,16200
2023-11-08 13:14:04,9,10,7378,16200
2023-11-08 13:14:09,9,11,7378,16200
2023-11-08 13:14:12,9,10,7378,16200
2023-11-08 13:14:14,8,10,7378,16200
2023-11-08 13:14:48,9,10,7378,16200
2023-11-08 13:14:49,8,10,7378,16200
2023-11-08 13:15:03,9,10,7378,16200
2023-11-08 13:15:22,8,10,7378,16200
2023-11-08 13:15:35,9,10,7378,16200
2023-11-08 13:15:37,8,10,7378,16200
2023-11-08 13:15:38,9,10,7378,16200
2023-11-08 13:15:39,8,10,7378,16200
2023-11-08 13:15:41,9,10,7378,16200
2023-11-08 13:15:50,9,10,7378,16550
2023-11-08 13:15:51,9,11,7378,16550
2023-11-08 13:15:52,10,11,7378,16550
2023-11-08 13:15:56,9,11,7378,16550
2023-11-08 13:15:58,10,11,7378,16550
2023-11-08 13:16:12,9,11,7378,16550
2023-11-08 13:16:17,9,12,7378,16550
2023-11-08 13:16:17,9,10,7378,16550
2023-11-08 13:16:41,8,10,7378,16550
2023-11-08 13:16:50,9,10,7378,16550
2023-11-08 13:16:57,8,10,7378,16550
2023-11-08 13:17:40,8,11,7378,16550
2023-11-08 13:17:40,8,9,7378,16550
2023-11-08 13:17:42,7,9,7378,16550
2023-11-08 13:18:08,8,9,7378,16550
2023-11-08 13:18:10,8,11,7378,16550
2023-11-08 13:18:10,8,10,7378,16550
2023-11-08 13:18:12,9,10,7378,16550
2023-11-08 13:18:13,8,10,7378,16550
2023-11-08 13:18:16,9,10,7378,16550
2023-11-08 13:18:20,8,10,7378,16550
2023-11-08 13:18:23,9,10,7378,16550
2023-11-08 13:18:25,8,10,7378,16550
2023-11-08 13:18:37,8,11,7378,16550
2023-11-08 13:18:37,8,9,7378,16550
2023-11-08 13:18:52,8,11,7378,16550
2023-11-08 13:18:52,8,10,7378,16550
2023-11-08 13:19:00,9,10,7378,16550
2023-11-08 13:19:11,9,12,7378,16550
2023-11-08 13:19:11,9,11,7378,16550
2023-11-08 13:19:18,10,11,7378,16550
2023-11-08 13:20:11,11,13,7188,16740
2023-11-08 13:20:11,11,12,7188,16740
2023-11-08 13:20:12,11,13,7188,16740
2023-11-08 13:20:14,11,12,7188,16740
2023-11-08 13:20:15,11,13,7188,16740
2023-11-08 13:20:15,11,12,7188,16740
2023-11-08 13:20:16,11,13,7188,16740
2023-11-08 13:20:20,12,13,7188,16740
2023-11-08 13:20:29,12,15,7188,16740
2023-11-08 13:20:29,12,14,7188,16740
2023-11-08 13:20:31,13,14,7188,16740
2023-11-08 13:20:31,13,14,7188,16789
2023-11-08 13:20:31,13,15,7188,16789
2023-11-08 13:20:32,13,14,7188,16789
2023-11-08 13:20:38,13,15,7188,16789
2023-11-08 13:20:49,12,15,7188,16789
2023-11-08 13:20:49,13,15,7188,16789
2023-11-08 13:20:49,13,14,7188,16789
2023-11-08 13:21:01,12,14,7188,16789
2023-11-08 13:21:17,12,15,7188,16789
2023-11-08 13:21:17,12,14,7188,16789
2023-11-08 13:21:21,11,14,7188,16789
2023-11-08 13:21:25,11,13,7188,16789
2023-11-08 13:21:37,10,13,7188,16789
2023-11-08 13:21:38,10,12,7188,16789
2023-11-08 13:22:08,9,12,7188,16789
2023-11-08 13:22:12,9,11,7188,16789
2023-11-08 13:22:12,8,11,7188,16789
2023-11-08 13:22:19,8,10,7188,16789
2023-11-08 13:22:23,7,10,7188,16789
2023-11-08 13:22:24,7,9,7188,16789
2023-11-08 13:22:37,6,9,7188,16789
2023-11-08 13:22:38,6,8,7188,16789
2023-11-08 13:26:56,6,7,7188,16789
2023-11-08 13:27:51,6,7,7388,16989
2023-11-08 13:27:52,5,7,7438,17039
2023-11-08 13:28:30,4,7,7438,17039
2023-11-08 13:29:24,5,7,7438,17039
2023-11-08 13:29:38,4,7,7438,17039
2023-11-08 13:30:53,4,6,7438,17039
2023-11-08 13:30:54,4,6,7498,17099
2023-11-08 13:34:34,4,5,7498,17099
2023-11-08 13:35:24,4,5,7558,17159
2023-11-08 13:35:28,4,5,7672,17273
2023-11-08 13:36:49,3,5,7688,17289
2023-11-08 13:38:01,4,5,7688,17289
2023-11-08 13:38:10,3,5,7688,17289
2023-11-08 13:39:52,3,4,7688,17289
2023-11-08 13:39:53,3,4,7688,17552
2023-11-08 13:39:53,3,4,7901,17765
2023-11-08 13:39:58,3,4,7901,17817
2023-11-08 13:43:03,2,3,8401,18717
2023-11-08 13:43:09,2,3,8401,18725
2023-11-08 13:57:48,2,4,8401,18725
2023-11-08 13:59:23,2,3,8401,18725
2023-11-08 14:00:56,2,3,8501,18825
2023-11-08 14:00:57,2,4,8501,18825
2023-11-08 14:01:30,2,3,8501,18825
2023-11-08 14:02:07,1,3,8501,18825
2023-11-08 14:04:17,1,3,8640,18964
2023-11-08 14:16:27,0,3,8740,19064
2023-11-08 14:16:40,1,3,8740,19064
2023-11-08 14:24:40,1,3,8744,19068
2023-11-08 14:32:16,1,2,8744,19068
2023-11-08 14:32:16,1,3,8744,19068
2023-11-08 14:32:56,1,3,8902,19226
2023-11-08 14:33:05,1,3,9102,19426
2023-11-08 14:33:48,1,2,9102,19426
2023-11-08 14:33:48,1,3,9102,19426
2023-11-08 14:34:22,1,2,9102,19426
2023-11-08 14:34:25,1,3,9102,19426
2023-11-08 14:34:26,1,2,9102,19426
2023-11-08 14:34:26,1,3,9102,19426
2023-11-08 14:34:27,1,3,9167,19491
2023-11-08 14:34:27,1,3,9232,19556
2023-11-08 14:34:40,1,2,9232,19556
2023-11-08 14:34:40,1,3,9232,19556
2023-11-08 14:34:41,1,2,9232,19556
2023-11-08 14:34:41,1,3,9232,19556
2023-11-08 14:34:50,1,2,9232,19556
2023-11-08 14:34:50,1,3,9232,19556
2023-11-08 14:35:02,1,3,9332,19656
2023-11-08 14:35:35,1,2,9332,19656
2023-11-08 14:35:36,1,3,9332,19656
2023-11-08 14:35:42,1,2,9332,19656
2023-11-08 14:35:42,1,3,9332,19656
2023-11-08 14:35:43,1,3,9424,19748
2023-11-08 14:37:47,1,3,9484,19808
2023-11-08 14:41:27,1,3,9684,20008
2023-11-08 14:43:59,1,3,9784,20108
2023-11-08 14:52:16,1,3,9984,20308
2023-11-08 14:56:31,1,3,10026,20350
2023-11-08 14:58:48,1,3,10103,20427
2023-11-08 14:58:48,1,2,10103,20427
2023-11-08 14:58:48,1,3,10103,20427
2023-11-08 14:58:51,1,3,10303,20627
2023-11-08 15:00:00,0,3,10303,20627
2023-11-08 15:00:15,1,3,10303,20627
2023-11-08 15:00:16,1,2,10303,20627
2023-11-08 15:03:34,1,2,10311,20635
2023-11-08 15:10:00,0,2,10311,20635
2023-11-08 15:29:26,0,1,10311,20635
