datetime,bid,ask,open_interest,volume
2023-01-04 09:31:05,41,50,38,41
2023-01-04 09:34:14,41,50,43,51
2023-01-04 09:37:30,40,50,43,51
2023-01-04 09:41:14,40,51,43,51
2023-01-04 09:41:22,40,43,43,51
2023-01-04 09:41:23,40,41,43,51
2023-01-04 09:41:34,40,41,45,55
2023-01-04 09:42:03,36,41,48,61
2023-01-04 09:42:23,34,41,48,61
2023-01-04 09:42:23,34,40,48,61
2023-01-04 09:42:23,34,39,48,61
2023-01-04 09:42:51,34,40,48,61
2023-01-04 09:42:51,25,40,48,61
2023-01-04 09:42:52,29,40,48,61
2023-01-04 09:42:52,31,40,48,61
2023-01-04 09:42:52,33,40,48,61
2023-01-04 09:42:53,33,38,48,61
2023-01-04 09:43:23,33,40,48,61
2023-01-04 09:43:23,34,40,48,61
2023-01-04 09:43:52,35,40,48,61
2023-01-04 09:44:03,35,40,381,394
2023-01-04 09:44:12,35,41,381,394
2023-01-04 09:44:19,35,41,481,494
2023-01-04 09:44:21,35,43,785,798
2023-01-04 09:44:23,37,43,785,798
2023-01-04 09:44:35,37,43,885,898
2023-01-04 09:44:43,37,43,985,998
2023-01-04 09:44:52,37,43,1085,1098
2023-01-04 09:44:53,39,43,1085,1098
2023-01-04 09:44:53,41,43,1085,1098
2023-01-04 09:44:53,41,47,1085,1098
2023-01-04 09:45:31,45,47,1085,1098
2023-01-04 09:45:31,45,51,1085,1098
2023-01-04 09:46:21,45,50,1085,1098
2023-01-04 09:46:46,45,49,1085,1098
2023-01-04 09:46:52,42,49,1085,1098
2023-01-04 09:46:52,46,49,1085,1098
2023-01-04 09:46:57,46,49,1091,1104
2023-01-04 09:47:22,45,49,1091,1104
2023-01-04 09:47:54,44,49,1091,1104
2023-01-04 09:48:07,45,49,1091,1104
2023-01-04 09:48:22,45,48,1091,1104
2023-01-04 09:48:52,45,49,1091,1104
2023-01-04 09:49:37,45,49,1101,1114
2023-01-04 09:50:33,45,50,1101,1114
2023-01-04 09:51:00,45,47,1101,1114
2023-01-04 09:51:06,42,44,1334,1560
2023-01-04 09:51:12,42,47,1334,1560
2023-01-04 09:51:22,42,46,1334,1560
2023-01-04 09:51:26,41,46,1334,1560
2023-01-04 09:51:26,41,45,1334,1560
2023-01-04 09:51:26,41,43,1334,1560
2023-01-04 09:51:33,38,43,1434,1660
2023-01-04 09:51:48,38,42,1434,1660
2023-01-04 09:51:53,42,43,1488,1769
2023-01-04 09:51:53,42,47,1488,1769
2023-01-04 09:52:13,42,46,1488,1769
2023-01-04 09:52:52,41,46,1488,1769
2023-01-04 09:53:43,41,47,1488,1769
2023-01-04 09:53:56,41,44,1488,1769
2023-01-04 09:54:23,39,44,1488,1769
2023-01-04 09:54:23,41,44,1488,1769
2023-01-04 09:55:51,41,44,1577,1858
2023-01-04 09:56:38,40,44,1878,2263
2023-01-04 09:56:50,38,44,1878,2263
2023-01-04 09:56:50,39,44,1878,2263
2023-01-04 09:57:03,39,44,2211,2596
2023-01-04 09:57:23,38,44,2211,2596
2023-01-04 09:57:25,40,44,2211,2596
2023-01-04 09:57:52,39,44,2211,2596
2023-01-04 09:58:52,40,44,2211,2596
2023-01-04 09:59:23,39,44,2211,2596
2023-01-04 10:00:17,39,44,2496,2929
2023-01-04 10:00:20,39,44,2596,3029
2023-01-04 10:00:22,44,46,2653,3086
2023-01-04 10:00:32,44,46,2654,3087
2023-01-04 10:00:33,44,59,2654,3087
2023-01-04 10:00:34,44,49,2654,3087
2023-01-04 10:00:34,44,47,2654,3087
2023-01-04 10:00:35,44,45,2654,3087
2023-01-04 10:00:43,44,47,3016,3449
2023-01-04 10:00:49,44,49,3320,3753
2023-01-04 10:01:05,44,58,3320,3753
2023-01-04 10:01:23,39,58,3320,3753
2023-01-04 10:02:29,39,59,3320,3753
2023-01-04 10:02:31,34,59,3320,3753
2023-01-04 10:02:43,34,50,3320,3753
2023-01-04 10:04:40,42,50,3320,3753
2023-01-04 10:05:02,42,58,3320,3753
2023-01-04 10:05:12,42,57,3320,3753
2023-01-04 10:05:46,42,57,3345,3803
2023-01-04 10:05:51,44,57,3345,3803
2023-01-04 10:05:51,44,55,3345,3803
2023-01-04 10:05:51,46,55,3345,3803
2023-01-04 10:05:51,46,53,3345,3803
2023-01-04 10:05:52,46,51,3345,3803
2023-01-04 10:06:21,46,53,3345,3803
2023-01-04 10:06:21,46,54,3345,3803
2023-01-04 10:06:22,46,52,3345,3803
2023-01-04 10:06:34,46,51,3345,3803
2023-01-04 10:06:52,44,51,3345,3803
2023-01-04 10:06:52,46,51,3345,3803
2023-01-04 10:08:22,44,51,3345,3803
2023-01-04 10:08:22,46,51,3345,3803
2023-01-04 10:09:23,42,51,3345,3803
2023-01-04 10:09:24,44,51,3345,3803
2023-01-04 10:09:25,46,51,3345,3803
2023-01-04 10:11:25,46,51,3345,4107
2023-01-04 10:11:29,46,51,3345,4115
2023-01-04 10:12:22,44,51,3345,4115
2023-01-04 10:12:22,44,50,3345,4115
2023-01-04 10:12:24,44,50,3345,4125
2023-01-04 10:12:52,45,50,3345,4125
2023-01-04 10:13:21,45,51,3345,4125
2023-01-04 10:13:51,44,51,3345,4125
2023-01-04 10:13:52,45,51,3345,4125
2023-01-04 10:14:51,44,51,3345,4125
2023-01-04 10:14:52,43,51,3345,4125
2023-01-04 10:14:52,43,49,3345,4125
2023-01-04 10:14:52,44,49,3345,4125
2023-01-04 10:15:29,44,50,3345,4125
2023-01-04 10:15:29,45,50,3345,4125
2023-01-04 10:18:07,45,52,3665,4445
2023-01-04 10:18:23,46,52,3665,4445
2023-01-04 10:18:25,46,53,3665,4445
2023-01-04 10:18:25,46,51,3665,4445
2023-01-04 10:18:52,46,53,3665,4445
2023-01-04 10:18:52,46,55,3665,4445
2023-01-04 10:18:53,46,52,3665,4445
2023-01-04 10:19:53,45,52,3665,4445
2023-01-04 10:19:54,46,52,3665,4445
2023-01-04 10:21:10,46,51,3665,4445
2023-01-04 10:22:23,45,51,3665,4445
2023-01-04 10:22:24,46,51,3665,4445
2023-01-04 10:23:03,46,52,3665,4445
2023-01-04 10:23:23,45,52,3665,4445
2023-01-04 10:23:23,47,52,3665,4445
2023-01-04 10:23:42,52,54,3977,4757
2023-01-04 10:23:52,47,52,3985,4765
2023-01-04 10:24:51,45,52,3985,4765
2023-01-04 10:24:52,46,52,3985,4765
2023-01-04 10:24:52,48,52,3985,4765
2023-01-04 10:24:53,48,53,3985,4765
2023-01-04 10:25:14,48,53,3986,4766
2023-01-04 10:25:27,46,53,3986,4766
2023-01-04 10:25:28,45,53,3986,4766
2023-01-04 10:25:29,47,53,3986,4766
2023-01-04 10:26:23,48,53,3986,4766
2023-01-04 10:27:52,46,53,3986,4766
2023-01-04 10:27:54,48,53,3986,4766
2023-01-04 10:27:55,48,54,3986,4766
2023-01-04 10:30:32,46,54,3986,4766
2023-01-04 10:30:33,47,54,3986,4766
2023-01-04 10:30:34,47,52,3986,4766
2023-01-04 10:31:23,47,57,3986,4766
2023-01-04 10:31:24,46,57,3986,4766
2023-01-04 10:31:24,48,57,3986,4766
2023-01-04 10:31:24,48,53,3986,4766
2023-01-04 10:32:06,48,53,4011,4791
2023-01-04 10:32:23,48,59,4011,4791
2023-01-04 10:32:23,48,56,4011,4791
2023-01-04 10:32:25,48,54,4011,4791
2023-01-04 10:34:52,48,53,4011,4791
2023-01-04 10:36:23,48,57,4011,4791
2023-01-04 10:36:23,48,59,4011,4791
2023-01-04 10:36:24,48,58,4011,4791
2023-01-04 10:36:24,48,56,4011,4791
2023-01-04 10:36:24,48,54,4011,4791
2023-01-04 10:36:53,48,55,4011,4791
2023-01-04 10:36:53,48,53,4011,4791
2023-01-04 10:37:22,46,53,4011,4791
2023-01-04 10:37:23,47,53,4011,4791
2023-01-04 10:37:52,48,53,4011,4791
2023-01-04 10:38:53,48,55,4011,4791
2023-01-04 10:38:53,48,54,4011,4791
2023-01-04 10:39:52,49,54,4011,4791
2023-01-04 10:41:00,47,54,4011,4791
2023-01-04 10:41:00,49,54,4011,4791
2023-01-04 10:41:01,49,55,4011,4791
2023-01-04 10:41:24,47,55,4011,4791
2023-01-04 10:41:25,45,55,4011,4791
2023-01-04 10:41:25,45,57,4011,4791
2023-01-04 10:41:25,45,56,4011,4791
2023-01-04 10:41:25,44,56,4011,4791
2023-01-04 10:41:25,46,56,4011,4791
2023-01-04 10:41:25,48,56,4011,4791
2023-01-04 10:41:25,48,54,4011,4791
2023-01-04 10:41:53,47,54,4011,4791
2023-01-04 10:41:53,49,54,4011,4791
2023-01-04 10:44:23,47,54,4011,4791
2023-01-04 10:44:23,47,56,4011,4791
2023-01-04 10:44:23,48,56,4011,4791
2023-01-04 10:44:24,48,54,4011,4791
2023-01-04 10:44:53,44,54,4011,4791
2023-01-04 10:44:53,47,54,4011,4791
2023-01-04 10:44:54,47,52,4011,4791
2023-01-04 10:45:31,47,53,4011,4791
2023-01-04 10:45:31,47,51,4011,4791
2023-01-04 10:45:33,45,51,4011,4791
2023-01-04 10:46:24,45,53,4011,4791
2023-01-04 10:46:25,43,53,4011,4791
2023-01-04 10:46:25,43,55,4011,4791
2023-01-04 10:46:25,43,52,4011,4791
2023-01-04 10:46:26,43,50,4011,4791
2023-01-04 10:46:26,43,48,4011,4791
2023-01-04 10:47:23,41,48,4011,4791
2023-01-04 10:47:23,42,48,4011,4791
2023-01-04 10:47:52,42,49,4011,4791
2023-01-04 10:47:53,41,49,4011,4791
2023-01-04 10:47:54,43,49,4011,4791
2023-01-04 10:49:24,40,49,4011,4791
2023-01-04 10:49:24,40,55,4011,4791
2023-01-04 10:49:25,40,50,4011,4791
2023-01-04 10:49:26,42,50,4011,4791
2023-01-04 10:49:26,42,48,4011,4791
2023-01-04 10:49:51,40,48,4011,4791
2023-01-04 10:49:51,43,48,4011,4791
2023-01-04 10:51:00,44,48,4011,4791
2023-01-04 10:51:01,44,49,4011,4791
2023-01-04 10:51:27,44,51,4011,4791
2023-01-04 10:51:27,44,50,4011,4791
2023-01-04 10:52:23,42,50,4011,4791
2023-01-04 10:52:23,44,50,4011,4791
2023-01-04 10:52:51,44,52,4011,4791
2023-01-04 10:52:51,44,55,4011,4791
2023-01-04 10:52:52,40,55,4011,4791
2023-01-04 10:52:52,41,55,4011,4791
2023-01-04 10:52:52,43,55,4011,4791
2023-01-04 10:52:52,43,53,4011,4791
2023-01-04 10:52:52,43,49,4011,4791
2023-01-04 10:54:22,43,53,4011,4791
2023-01-04 10:54:22,44,53,4011,4791
2023-01-04 10:54:23,44,50,4011,4791
2023-01-04 10:55:53,45,50,4011,4791
2023-01-04 10:56:23,41,50,4011,4791
2023-01-04 10:56:23,49,50,4011,4791
2023-01-04 10:57:22,49,52,4011,4791
2023-01-04 10:57:22,49,51,4011,4791
2023-01-04 10:57:24,44,49,4012,4792
2023-01-04 10:57:53,43,49,4012,4792
2023-01-04 10:59:23,44,49,4012,4792
2023-01-04 10:59:53,42,49,4012,4792
2023-01-04 10:59:54,42,50,4012,4792
2023-01-04 10:59:54,42,48,4012,4792
2023-01-04 11:00:34,40,48,4012,4792
2023-01-04 11:00:34,41,48,4012,4792
2023-01-04 11:00:34,43,48,4012,4792
2023-01-04 11:01:22,43,50,4012,4792
2023-01-04 11:01:23,43,51,4012,4792
2023-01-04 11:01:23,43,49,4012,4792
2023-01-04 11:01:52,44,49,4012,4792
2023-01-04 11:02:22,44,50,4012,4792
2023-01-04 11:02:53,46,50,4012,4792
2023-01-04 11:02:53,46,52,4012,4792
2023-01-04 11:03:22,46,53,4012,4792
2023-01-04 11:03:23,46,51,4012,4792
2023-01-04 11:03:53,46,55,4012,4792
2023-01-04 11:03:53,46,52,4012,4792
2023-01-04 11:05:29,43,52,4012,4792
2023-01-04 11:05:30,47,52,4012,4792
2023-01-04 11:05:44,47,52,4024,4817
2023-01-04 11:06:22,47,54,4024,4817
2023-01-04 11:06:22,47,53,4024,4817
2023-01-04 11:06:23,47,51,4024,4817
2023-01-04 11:07:23,47,53,4024,4817
2023-01-04 11:07:52,48,53,4024,4817
2023-01-04 11:08:22,48,54,4024,4817
2023-01-04 11:08:22,47,54,4024,4817
2023-01-04 11:08:23,47,52,4024,4817
2023-01-04 11:08:55,47,52,4026,4819
2023-01-04 11:09:23,47,50,4026,4819
2023-01-04 11:09:52,47,51,4026,4819
2023-01-04 11:10:05,47,50,4026,4819
2023-01-04 11:10:36,45,50,4036,4829
2023-01-04 11:10:46,43,50,4215,5187
2023-01-04 11:11:00,43,50,4216,5188
2023-01-04 11:11:23,42,50,4216,5188
2023-01-04 11:11:23,49,50,4217,5189
2023-01-04 11:11:23,42,47,4217,5189
2023-01-04 11:11:44,45,47,4217,5189
2023-01-04 11:11:52,43,47,4218,5190
2023-01-04 11:11:53,43,48,4218,5190
2023-01-04 11:12:08,43,47,4218,5190
2023-01-04 11:12:52,41,47,4218,5190
2023-01-04 11:12:52,40,47,4218,5190
2023-01-04 11:12:52,41,47,4218,5190
2023-01-04 11:13:22,40,47,4218,5190
2023-01-04 11:13:23,40,46,4218,5190
2023-01-04 11:13:46,40,45,4218,5190
2023-01-04 11:14:23,40,44,4218,5190
2023-01-04 11:14:54,40,45,4218,5190
2023-01-04 11:15:31,40,43,4218,5190
2023-01-04 11:15:55,40,41,4218,5190
2023-01-04 11:16:09,40,43,4650,5622
2023-01-04 11:16:13,41,43,4650,5622
2023-01-04 11:16:52,41,45,4650,5622
2023-01-04 11:16:52,41,54,4650,5622
2023-01-04 11:16:53,41,48,4650,5622
2023-01-04 11:16:53,41,46,4650,5622
2023-01-04 11:16:53,41,44,4650,5622
2023-01-04 11:17:51,41,46,4650,5622
2023-01-04 11:17:52,41,48,4650,5622
2023-01-04 11:17:52,41,45,4650,5622
2023-01-04 11:17:52,41,43,4650,5622
2023-01-04 11:18:22,41,44,4650,5622
2023-01-04 11:18:53,41,45,4650,5622
2023-01-04 11:19:03,40,45,4650,5622
2023-01-04 11:20:33,40,52,4650,5622
2023-01-04 11:20:34,40,44,4650,5622
2023-01-04 11:22:50,40,45,4650,5622
2023-01-04 11:23:51,40,44,4650,5622
2023-01-04 11:24:53,40,45,4650,5622
2023-01-04 11:26:01,40,46,5280,6252
2023-01-04 11:27:51,40,52,5280,6252
2023-01-04 11:27:52,40,49,5280,6252
2023-01-04 11:27:52,40,45,5280,6252
2023-01-04 11:28:22,40,52,5280,6252
2023-01-04 11:28:22,40,44,5280,6252
2023-01-04 11:28:51,40,46,5280,6252
2023-01-04 11:28:51,40,45,5280,6252
2023-01-04 11:28:51,40,43,5280,6252
2023-01-04 11:29:53,40,42,5280,6252
2023-01-04 11:30:33,40,44,5280,6252
2023-01-04 11:30:33,40,46,5280,6252
2023-01-04 11:30:33,40,45,5280,6252
2023-01-04 11:30:34,40,43,5280,6252
2023-01-04 11:31:00,37,39,5281,6253
2023-01-04 11:31:13,37,38,5281,6253
2023-01-04 11:31:24,37,38,5281,6586
2023-01-04 11:31:27,35,38,5281,6586
2023-01-04 11:31:52,31,34,5401,6706
2023-01-04 11:31:52,30,34,5401,6706
2023-01-04 11:31:53,30,32,5401,6706
2023-01-04 11:32:22,25,30,5601,6906
2023-01-04 11:32:52,25,32,5601,6906
2023-01-04 11:32:52,25,29,5601,6906
2023-01-04 11:33:42,25,29,5606,6911
2023-01-04 11:33:54,25,29,5706,7011
2023-01-04 11:34:11,25,29,5806,7111
2023-01-04 11:34:12,25,31,6111,7416
2023-01-04 11:34:16,25,33,6456,7761
2023-01-04 11:34:23,25,31,6456,7761
2023-01-04 11:34:26,26,31,6456,7761
2023-01-04 11:35:30,26,32,6456,7761
2023-01-04 11:36:23,24,32,6456,7761
2023-01-04 11:36:24,24,30,6456,7761
2023-01-04 11:36:24,24,28,6456,7761
2023-01-04 11:36:28,24,28,6461,7766
2023-01-04 11:37:02,24,30,6883,8188
2023-01-04 11:37:22,24,35,6883,8188
2023-01-04 11:37:22,26,35,6883,8188
2023-01-04 11:37:22,26,31,6883,8188
2023-01-04 11:37:52,26,35,6883,8188
2023-01-04 11:37:52,26,34,6883,8188
2023-01-04 11:37:52,24,34,6883,8188
2023-01-04 11:37:53,24,30,6883,8188
2023-01-04 11:37:53,25,30,6883,8188
2023-01-04 11:38:23,25,29,6883,8188
2023-01-04 11:38:23,24,29,6883,8188
2023-01-04 11:39:11,24,29,7233,8538
2023-01-04 11:39:25,26,29,7233,8538
2023-01-04 11:39:26,26,31,7233,8538
2023-01-04 11:40:36,24,31,7233,8538
2023-01-04 11:40:36,24,30,7233,8538
2023-01-04 11:40:38,24,28,7233,8538
2023-01-04 11:40:51,25,28,7233,8538
2023-01-04 11:42:22,25,30,7233,8538
2023-01-04 11:42:23,25,33,7233,8538
2023-01-04 11:42:23,25,31,7233,8538
2023-01-04 11:42:23,25,29,7233,8538
2023-01-04 11:42:23,25,27,7233,8538
2023-01-04 11:42:51,25,29,7233,8538
2023-01-04 11:42:52,25,33,7233,8538
2023-01-04 11:42:52,25,32,7233,8538
2023-01-04 11:42:52,25,30,7233,8538
2023-01-04 11:42:52,25,28,7233,8538
2023-01-04 11:43:22,25,30,7233,8538
2023-01-04 11:43:22,25,27,7233,8538
2023-01-04 11:44:52,25,29,7233,8538
2023-01-04 11:44:53,25,27,7233,8538
2023-01-04 11:45:29,25,29,7233,8538
2023-01-04 11:45:29,25,26,7233,8538
2023-01-04 11:46:23,25,28,7233,8538
2023-01-04 11:46:53,25,30,7233,8538
2023-01-04 11:46:53,25,32,7233,8538
2023-01-04 11:46:54,25,27,7233,8538
2023-01-04 11:47:34,22,27,7243,8558
2023-01-04 11:47:52,22,31,7243,8558
2023-01-04 11:47:53,22,33,7243,8558
2023-01-04 11:47:53,22,30,7243,8558
2023-01-04 11:47:53,22,28,7243,8558
2023-01-04 11:47:53,22,26,7243,8558
2023-01-04 11:51:22,22,28,7243,8558
2023-01-04 11:51:23,22,33,7243,8558
2023-01-04 11:51:23,22,29,7243,8558
2023-01-04 11:51:23,22,27,7243,8558
2023-01-04 11:51:23,22,25,7243,8558
2023-01-04 11:52:10,22,27,7572,8887
2023-01-04 11:52:23,20,27,7572,8887
2023-01-04 11:52:24,22,27,7572,8887
2023-01-04 11:52:53,22,30,7572,8887
2023-01-04 11:52:53,20,30,7572,8887
2023-01-04 11:52:54,20,28,7572,8887
2023-01-04 11:52:54,21,28,7572,8887
2023-01-04 11:52:54,21,26,7572,8887
2023-01-04 11:53:23,21,28,7572,8887
2023-01-04 11:53:24,21,27,7572,8887
2023-01-04 11:53:24,20,27,7572,8887
2023-01-04 11:53:24,20,25,7572,8887
2023-01-04 11:54:52,20,24,7572,8887
2023-01-04 11:55:30,20,25,7572,8887
2023-01-04 11:55:55,20,23,7572,8887
2023-01-04 11:57:54,20,25,7572,8887
2023-01-04 11:57:54,20,23,7572,8887
2023-01-04 11:57:55,20,21,7572,8887
2023-01-04 11:58:22,20,23,7572,8887
2023-01-04 11:58:56,20,24,7572,8887
2023-01-04 12:00:33,20,25,7572,8887
2023-01-04 12:01:25,20,27,7572,8887
2023-01-04 12:01:25,20,29,7572,8887
2023-01-04 12:01:25,20,30,7572,8887
2023-01-04 12:01:26,20,24,7572,8887
2023-01-04 12:01:52,20,26,7572,8887
2023-01-04 12:01:52,20,25,7572,8887
2023-01-04 12:02:22,21,25,7572,8887
2023-01-04 12:02:23,21,28,7572,8887
2023-01-04 12:02:23,21,26,7572,8887
2023-01-04 12:02:52,21,27,7572,8887
2023-01-04 12:02:52,21,25,7572,8887
2023-01-04 12:02:52,20,25,7572,8887
2023-01-04 12:04:23,21,25,7572,8887
2023-01-04 12:04:52,20,25,7572,8887
2023-01-04 12:05:15,20,25,7672,8987
2023-01-04 12:06:23,20,27,7672,8987
2023-01-04 12:06:23,20,29,7672,8987
2023-01-04 12:06:23,20,28,7672,8987
2023-01-04 12:06:23,21,28,7672,8987
2023-01-04 12:06:25,21,26,7672,8987
2023-01-04 12:06:53,20,26,7672,8987
2023-01-04 12:06:53,20,27,7672,8987
2023-01-04 12:06:53,22,27,7672,8987
2023-01-04 12:07:41,20,27,7672,9533
2023-01-04 12:07:54,20,25,7672,9533
2023-01-04 12:08:25,21,25,7672,9533
2023-01-04 12:08:25,21,26,7672,9533
2023-01-04 12:08:52,20,26,7672,9533
2023-01-04 12:08:52,20,28,7672,9533
2023-01-04 12:08:53,20,27,7672,9533
2023-01-04 12:08:53,20,25,7672,9533
2023-01-04 12:09:23,20,27,7672,9533
2023-01-04 12:09:24,20,32,7672,9533
2023-01-04 12:09:25,20,28,7672,9533
2023-01-04 12:09:25,20,26,7672,9533
2023-01-04 12:09:25,20,24,7672,9533
2023-01-04 12:09:53,20,26,7672,9533
2023-01-04 12:09:53,20,25,7672,9533
2023-01-04 12:09:53,21,25,7672,9533
2023-01-04 12:10:34,21,29,7672,9533
2023-01-04 12:10:34,21,26,7672,9533
2023-01-04 12:11:01,21,28,7672,9533
2023-01-04 12:11:01,21,27,7672,9533
2023-01-04 12:11:01,20,27,7672,9533
2023-01-04 12:11:03,20,25,7672,9533
2023-01-04 12:11:27,21,25,7672,9533
2023-01-04 12:11:28,21,26,7672,9533
2023-01-04 12:11:53,20,26,7672,9533
2023-01-04 12:11:53,20,38,7672,9533
2023-01-04 12:11:53,20,25,7672,9533
2023-01-04 12:12:04,21,25,7672,9533
2023-01-04 12:12:52,21,27,7672,9533
2023-01-04 12:12:52,21,25,7672,9533
2023-01-04 12:13:24,21,33,7672,9533
2023-01-04 12:13:24,21,24,7672,9533
2023-01-04 12:14:27,21,29,7672,9533
2023-01-04 12:14:27,21,27,7672,9533
2023-01-04 12:14:28,21,25,7672,9533
2023-01-04 12:15:30,21,27,7672,9533
2023-01-04 12:15:30,21,33,7672,9533
2023-01-04 12:15:31,21,30,7672,9533
2023-01-04 12:15:31,21,28,7672,9533
2023-01-04 12:15:31,21,26,7672,9533
2023-01-04 12:16:22,21,28,7672,9533
2023-01-04 12:16:23,21,25,7672,9533
2023-01-04 12:16:51,21,25,7680,9548
2023-01-04 12:16:51,21,28,7680,9548
2023-01-04 12:16:52,21,24,7680,9548
2023-01-04 12:16:56,22,24,7680,9548
2023-01-04 12:17:22,22,24,7690,9558
2023-01-04 12:17:22,22,26,7690,9558
2023-01-04 12:17:23,22,25,7690,9558
2023-01-04 12:17:35,20,25,7690,9558
2023-01-04 12:17:53,20,38,7690,9558
2023-01-04 12:17:54,20,30,7690,9558
2023-01-04 12:17:54,20,28,7690,9558
2023-01-04 12:17:54,20,26,7690,9558
2023-01-04 12:17:54,21,26,7690,9558
2023-01-04 12:18:54,20,26,7690,9558
2023-01-04 12:18:54,20,28,7690,9558
2023-01-04 12:18:54,20,25,7690,9558
2023-01-04 12:21:25,20,27,7690,9558
2023-01-04 12:21:25,20,30,7690,9558
2023-01-04 12:21:26,20,26,7690,9558
2023-01-04 12:21:26,21,26,7690,9558
2023-01-04 12:22:23,21,28,7690,9558
2023-01-04 12:22:23,21,30,7690,9558
2023-01-04 12:22:24,20,30,7690,9558
2023-01-04 12:22:24,20,27,7690,9558
2023-01-04 12:22:24,20,25,7690,9558
2023-01-04 12:22:25,20,23,7690,9558
2023-01-04 12:23:53,20,26,7690,9558
2023-01-04 12:23:54,20,24,7690,9558
2023-01-04 12:24:52,20,23,7690,9558
2023-01-04 12:25:46,19,23,7715,9608
2023-01-04 12:27:23,19,25,7715,9608
2023-01-04 12:27:23,19,27,7715,9608
2023-01-04 12:27:23,19,30,7715,9608
2023-01-04 12:27:23,19,28,7715,9608
2023-01-04 12:27:23,19,26,7715,9608
2023-01-04 12:27:23,19,24,7715,9608
2023-01-04 12:27:52,19,26,7715,9608
2023-01-04 12:27:54,21,26,7715,9608
2023-01-04 12:28:35,21,26,7715,9672
2023-01-04 12:28:51,19,26,7715,9672
2023-01-04 12:28:51,20,26,7715,9672
2023-01-04 12:28:51,20,25,7715,9672
2023-01-04 12:29:54,21,25,7715,9672
2023-01-04 12:30:33,21,27,7715,9672
2023-01-04 12:30:34,21,26,7715,9672
2023-01-04 12:31:23,21,31,7715,9672
2023-01-04 12:31:23,21,25,7715,9672
2023-01-04 12:31:24,20,25,7715,9672
2023-01-04 12:31:52,20,27,7715,9672
2023-01-04 12:31:52,20,29,7715,9672
2023-01-04 12:31:53,20,24,7715,9672
2023-01-04 12:31:53,19,24,7715,9672
2023-01-04 12:33:23,19,23,7715,9672
2023-01-04 12:36:22,19,25,7715,9672
2023-01-04 12:36:23,16,24,7715,9672
2023-01-04 12:36:23,17,24,7715,9672
2023-01-04 12:36:23,19,24,7715,9672
2023-01-04 12:36:53,17,24,7715,9672
2023-01-04 12:36:53,17,28,7715,9672
2023-01-04 12:36:53,15,28,7715,9672
2023-01-04 12:36:53,15,25,7715,9672
2023-01-04 12:36:53,15,23,7715,9672
2023-01-04 12:36:54,18,23,7715,9672
2023-01-04 12:37:23,18,22,7715,9672
2023-01-04 12:37:53,16,22,7715,9672
2023-01-04 12:37:53,17,22,7715,9672
2023-01-04 12:38:23,18,22,7715,9672
2023-01-04 12:38:23,18,23,7715,9672
2023-01-04 12:38:52,18,25,7715,9672
2023-01-04 12:38:52,18,22,7715,9672
2023-01-04 12:39:24,18,23,7715,9672
2023-01-04 12:39:53,18,22,7715,9672
2023-01-04 12:41:27,17,22,7715,9672
2023-01-04 12:43:23,15,22,7715,9672
2023-01-04 12:43:23,18,22,7715,9672
2023-01-04 12:43:52,15,22,7715,9672
2023-01-04 12:43:52,17,22,7715,9672
2023-01-04 12:44:16,18,22,7715,9672
2023-01-04 12:44:23,18,23,7715,9672
2023-01-04 12:44:23,18,21,7715,9672
2023-01-04 12:44:51,18,23,7715,9672
2023-01-04 12:44:51,18,25,7715,9672
2023-01-04 12:44:51,18,22,7715,9672
2023-01-04 12:45:18,20,22,7715,9672
2023-01-04 12:46:22,20,21,7715,9672
2023-01-04 12:46:53,20,22,7715,9672
2023-01-04 12:46:59,21,22,7715,9672
2023-01-04 12:48:51,21,24,7715,9672
2023-01-04 12:48:51,21,29,7715,9672
2023-01-04 12:48:51,21,27,7715,9672
2023-01-04 12:48:51,21,25,7715,9672
2023-01-04 12:48:55,21,23,7715,9672
2023-01-04 12:49:11,22,23,7715,9672
2023-01-04 12:49:26,22,24,7715,9672
2023-01-04 12:49:52,22,26,7715,9672
2023-01-04 12:49:53,22,25,7715,9672
2023-01-04 12:50:00,23,25,7715,9672
2023-01-04 12:51:04,23,27,7715,9672
2023-01-04 12:51:04,23,24,7715,9672
2023-01-04 12:51:32,23,25,7715,9672
2023-01-04 12:51:50,23,27,8259,10216
2023-01-04 12:52:02,23,26,8259,10216
2023-01-04 12:52:25,23,27,8259,10216
2023-01-04 12:52:39,23,27,8264,10221
2023-01-04 12:52:44,23,29,8632,10589
2023-01-04 12:52:52,24,29,8632,10589
2023-01-04 12:53:30,23,29,8632,10589
2023-01-04 12:53:30,23,31,8632,10589
2023-01-04 12:53:30,25,31,8632,10589
2023-01-04 12:53:30,25,30,8632,10589
2023-01-04 12:55:31,25,29,8632,10589
2023-01-04 12:56:19,25,31,8988,10945
2023-01-04 12:56:22,25,33,8988,10945
2023-01-04 12:56:22,25,35,8988,10945
2023-01-04 12:56:23,25,32,8988,10945
2023-01-04 12:56:24,27,32,8988,10945
2023-01-04 12:56:53,27,34,8988,10945
2023-01-04 12:56:53,25,34,8988,10945
2023-01-04 12:56:53,25,35,8988,10945
2023-01-04 12:56:53,25,33,8988,10945
2023-01-04 12:56:54,26,33,8988,10945
2023-01-04 12:56:54,28,33,8988,10945
2023-01-04 12:57:17,28,35,9360,11317
2023-01-04 12:57:52,28,34,9360,11317
2023-01-04 12:57:53,29,34,9360,11317
2023-01-04 12:58:24,29,36,9360,11317
2023-01-04 12:58:26,31,36,9360,11317
2023-01-04 12:58:52,31,38,9360,11317
2023-01-04 12:58:52,33,38,9360,11317
2023-01-04 12:59:23,32,38,9360,11317
2023-01-04 13:00:15,32,38,9360,11326
2023-01-04 13:00:32,30,38,9360,11326
2023-01-04 13:00:32,29,38,9360,11326
2023-01-04 13:00:33,31,38,9360,11326
2023-01-04 13:00:34,33,38,9360,11326
2023-01-04 13:01:13,33,39,9360,11326
2023-01-04 13:01:29,33,37,9360,11326
2023-01-04 13:01:30,34,37,9360,11326
2023-01-04 13:01:43,34,40,9360,11327
2023-01-04 13:02:13,34,42,9804,11771
2023-01-04 13:02:25,38,42,9804,11771
2023-01-04 13:02:25,38,43,9804,11771
2023-01-04 13:02:52,38,45,9804,11771
2023-01-04 13:02:53,38,47,9804,11771
2023-01-04 13:02:53,40,47,9804,11771
2023-01-04 13:02:54,40,46,9804,11771
2023-01-04 13:03:26,40,46,9804,11776
2023-01-04 13:03:26,40,46,9804,11786
2023-01-04 13:03:30,38,46,9804,12158
2023-01-04 13:04:04,38,44,9804,12158
2023-01-04 13:04:07,38,44,9804,12162
2023-01-04 13:04:24,36,44,9804,12162
2023-01-04 13:04:25,35,44,9804,12162
2023-01-04 13:04:25,35,43,9804,12162
2023-01-04 13:04:25,35,41,9804,12162
2023-01-04 13:06:53,36,41,9804,12162
2023-01-04 13:07:53,36,43,9804,12162
2023-01-04 13:07:53,36,40,9804,12162
2023-01-04 13:07:57,35,40,9804,12162
2023-01-04 13:08:23,33,40,9804,12162
2023-01-04 13:08:24,33,38,9804,12162
2023-01-04 13:09:23,33,39,9804,12162
2023-01-04 13:09:53,31,39,9804,12162
2023-01-04 13:09:53,33,39,9804,12162
2023-01-04 13:10:33,33,42,9804,12162
2023-01-04 13:10:33,33,40,9804,12162
2023-01-04 13:10:34,33,38,9804,12162
2023-01-04 13:11:22,33,40,9804,12162
2023-01-04 13:11:23,33,37,9804,12162
2023-01-04 13:11:23,32,37,9804,12162
2023-01-04 13:12:52,32,36,9804,12162
2023-01-04 13:15:30,30,36,9804,12162
2023-01-04 13:15:30,30,35,9804,12162
2023-01-04 13:16:23,28,35,9804,12162
2023-01-04 13:16:24,28,33,9804,12162
2023-01-04 13:17:51,27,33,9804,12162
2023-01-04 13:18:22,27,35,9804,12162
2023-01-04 13:18:23,27,34,9804,12162
2023-01-04 13:18:23,27,32,9804,12162
2023-01-04 13:18:52,27,36,9804,12162
2023-01-04 13:18:53,27,38,9804,12162
2023-01-04 13:18:53,27,31,9804,12162
2023-01-04 13:19:18,26,31,9804,12162
2023-01-04 13:19:22,25,31,9804,12162
2023-01-04 13:19:22,27,31,9804,12162
2023-01-04 13:19:23,27,32,9804,12162
2023-01-04 13:19:51,25,32,9804,12162
2023-01-04 13:19:52,25,30,9804,12162
2023-01-04 13:21:24,26,30,9804,12162
2023-01-04 13:21:25,26,31,9804,12162
2023-01-04 13:21:51,25,31,9804,12162
2023-01-04 13:21:51,25,35,9804,12162
2023-01-04 13:21:52,25,32,9804,12162
2023-01-04 13:21:52,25,30,9804,12162
2023-01-04 13:22:51,26,30,9804,12162
2023-01-04 13:22:52,26,31,9804,12162
2023-01-04 13:24:23,26,30,9804,12162
2023-01-04 13:24:23,25,30,9804,12162
2023-01-04 13:26:23,25,31,9804,12162
2023-01-04 13:26:52,25,32,9804,12162
2023-01-04 13:26:52,25,30,9804,12162
2023-01-04 13:27:53,25,32,9804,12162
2023-01-04 13:27:53,27,32,9804,12162
2023-01-04 13:28:53,25,32,9804,12162
2023-01-04 13:28:53,25,31,9804,12162
2023-01-04 13:28:53,26,31,9804,12162
2023-01-04 13:29:51,27,31,9804,12162
2023-01-04 13:29:51,27,33,9804,12162
2023-01-04 13:29:52,27,34,9804,12162
2023-01-04 13:29:52,27,32,9804,12162
2023-01-04 13:31:31,27,33,9804,12162
2023-01-04 13:32:23,27,34,9804,12162
2023-01-04 13:32:24,27,32,9804,12162
2023-01-04 13:32:51,26,32,9804,12162
2023-01-04 13:33:24,26,31,9804,12162
2023-01-04 13:34:23,26,33,9804,12162
2023-01-04 13:34:23,27,33,9804,12162
2023-01-04 13:34:24,27,32,9804,12162
2023-01-04 13:34:52,25,32,9804,12162
2023-01-04 13:34:52,26,32,9804,12162
2023-01-04 13:35:30,26,31,9804,12162
2023-01-04 13:36:40,26,31,9805,12164
2023-01-04 13:36:51,25,31,9805,12164
2023-01-04 13:36:52,25,29,9805,12164
2023-01-04 13:37:23,25,35,9805,12164
2023-01-04 13:37:23,25,28,9805,12164
2023-01-04 13:38:23,25,30,9805,12164
2023-01-04 13:38:23,25,32,9805,12164
2023-01-04 13:38:23,25,35,9805,12164
2023-01-04 13:38:23,25,31,9805,12164
2023-01-04 13:38:23,25,29,9805,12164
2023-01-04 13:38:53,25,28,9805,12164
2023-01-04 13:40:34,25,32,9805,12164
2023-01-04 13:40:34,25,29,9805,12164
2023-01-04 13:40:47,28,29,9805,12164
2023-01-04 13:41:13,25,29,9805,12164
2023-01-04 13:42:01,25,29,9815,12174
2023-01-04 13:42:22,25,31,9815,12174
2023-01-04 13:42:22,25,30,9815,12174
2023-01-04 13:43:23,25,31,9815,12174
2023-01-04 13:44:23,26,31,9815,12174
2023-01-04 13:47:22,26,33,9815,12174
2023-01-04 13:47:22,27,33,9815,12174
2023-01-04 13:47:22,27,32,9815,12174
2023-01-04 13:48:06,27,34,10162,12521
2023-01-04 13:48:24,29,34,10162,12521
2023-01-04 13:48:24,31,34,10162,12521
2023-01-04 13:48:24,31,35,10162,12521
2023-01-04 13:48:51,29,35,10162,12521
2023-01-04 13:48:51,27,35,10162,12521
2023-01-04 13:48:52,28,35,10162,12521
2023-01-04 13:48:52,28,34,10162,12521
2023-01-04 13:49:53,28,35,10162,12521
2023-01-04 13:49:54,28,33,10162,12521
2023-01-04 13:51:25,25,33,10162,12521
2023-01-04 13:51:26,25,35,10162,12521
2023-01-04 13:53:36,23,35,10167,12531
2023-01-04 13:55:46,23,35,10170,12536
2023-01-04 13:56:03,23,40,10170,12536
2023-01-04 13:56:12,23,45,10170,12536
2023-01-04 13:56:13,23,50,10170,12536
2023-01-04 13:56:13,23,55,10170,12536
2023-01-04 13:56:32,23,41,10170,12536
2023-01-04 13:57:45,25,41,10170,12536
2023-01-04 14:00:40,23,41,10170,12536
2023-01-04 14:01:12,21,41,10170,12536
2023-01-04 14:02:15,18,50,10170,12536
2023-01-04 14:02:17,18,46,10170,12536
2023-01-04 14:02:25,18,50,10170,12536
2023-01-04 14:02:27,30,50,10170,12536
2023-01-04 14:02:39,30,50,10175,12546
2023-01-04 14:02:44,18,50,10175,12546
2023-01-04 14:02:47,0,50,10175,12546
2023-01-04 14:03:13,0,59,10220,12636
2023-01-04 14:03:15,0,55,10220,12636
2023-01-04 14:03:38,33,55,10220,12636
2023-01-04 14:04:12,47,55,10220,12636
2023-01-04 14:04:59,40,55,10220,12636
2023-01-04 14:05:10,40,55,10222,12641
2023-01-04 14:05:13,53,55,10222,12641
2023-01-04 14:05:14,40,53,10227,12651
2023-01-04 14:05:23,40,51,10227,12651
2023-01-04 14:05:51,33,51,10325,12846
2023-01-04 14:06:10,33,54,10325,12846
2023-01-04 14:07:39,33,49,10325,12846
2023-01-04 14:08:16,33,54,10325,12846
2023-01-04 14:10:08,0,54,10325,12846
2023-01-04 14:10:23,50,54,10325,12846
2023-01-04 14:10:52,43,54,10325,12846
2023-01-04 14:11:26,43,54,10335,12856
2023-01-04 14:11:40,43,53,10335,12856
2023-01-04 14:12:46,43,54,10335,12856
2023-01-04 14:12:57,50,54,10335,12856
2023-01-04 14:13:35,43,54,10335,12856
2023-01-04 14:16:03,1,54,10335,12856
2023-01-04 14:16:16,34,54,10335,12856
2023-01-04 14:17:08,34,55,10335,12856
2023-01-04 14:17:16,34,52,10335,12856
2023-01-04 14:18:01,27,52,10335,12856
2023-01-04 14:18:46,27,52,10337,12858
2023-01-04 14:20:15,27,52,10338,12859
2023-01-04 14:20:25,27,43,10338,12859
2023-01-04 14:22:08,1,50,10388,12959
2023-01-04 14:22:24,39,50,10388,12959
2023-01-04 14:22:32,39,52,10388,12959
2023-01-04 14:23:24,39,55,10388,12959
2023-01-04 14:23:35,39,54,10388,12959
2023-01-04 14:25:27,45,54,10388,12959
2023-01-04 14:25:27,47,54,10388,12959
2023-01-04 14:25:31,49,54,10388,12959
2023-01-04 14:25:53,47,54,10388,12959
2023-01-04 14:25:53,45,54,10388,12959
2023-01-04 14:25:53,51,54,10388,12959
2023-01-04 14:25:54,53,54,10388,12959
2023-01-04 14:25:57,53,54,10453,13089
2023-01-04 14:26:01,53,60,10484,13125
2023-01-04 14:26:15,53,60,10584,13225
2023-01-04 14:26:23,53,62,10584,13225
2023-01-04 14:26:23,53,66,10584,13225
2023-01-04 14:26:23,59,66,10584,13225
2023-01-04 14:26:24,61,66,10584,13225
2023-01-04 14:26:51,61,68,10584,13225
2023-01-04 14:26:51,62,68,10584,13225
2023-01-04 14:26:51,64,68,10584,13225
2023-01-04 14:26:51,64,70,10584,13225
2023-01-04 14:27:22,63,70,10584,13225
2023-01-04 14:27:22,63,68,10584,13225
2023-01-04 14:27:52,63,70,10584,13225
2023-01-04 14:27:52,65,70,10584,13225
2023-01-04 14:28:22,65,72,10584,13225
2023-01-04 14:28:22,65,71,10584,13225
2023-01-04 14:28:51,65,73,10584,13225
2023-01-04 14:28:52,65,80,10584,13225
2023-01-04 14:28:52,65,74,10584,13225
2023-01-04 14:28:52,65,72,10584,13225
2023-01-04 14:28:52,63,72,10584,13225
2023-01-04 14:28:52,63,70,10584,13225
2023-01-04 14:28:52,65,70,10584,13225
2023-01-04 14:29:22,63,70,10584,13225
2023-01-04 14:29:22,62,70,10584,13225
2023-01-04 14:29:23,62,70,10589,13235
2023-01-04 14:29:23,62,73,10589,13235
2023-01-04 14:29:23,62,71,10589,13235
2023-01-04 14:29:23,64,71,10589,13235
2023-01-04 14:29:23,66,71,10589,13235
2023-01-04 14:29:51,68,71,10589,13235
2023-01-04 14:29:51,68,73,10589,13235
2023-01-04 14:30:34,68,73,10589,13245
2023-01-04 14:31:22,68,75,10589,13245
2023-01-04 14:31:22,68,72,10589,13245
2023-01-04 14:31:23,67,72,10589,13245
2023-01-04 14:32:52,69,72,10589,13245
2023-01-04 14:32:52,69,74,10589,13245
2023-01-04 14:33:51,69,73,10589,13245
2023-01-04 14:33:52,68,73,10589,13245
2023-01-04 14:34:21,66,73,10589,13245
2023-01-04 14:34:22,62,73,10589,13245
2023-01-04 14:34:22,63,73,10589,13245
2023-01-04 14:34:22,67,73,10589,13245
2023-01-04 14:34:51,65,73,10589,13245
2023-01-04 14:34:51,63,73,10589,13245
2023-01-04 14:34:51,64,73,10589,13245
2023-01-04 14:34:51,66,73,10589,13245
2023-01-04 14:34:51,66,71,10589,13245
2023-01-04 14:35:01,70,71,10589,13245
2023-01-04 14:35:11,66,71,10613,13294
2023-01-04 14:35:30,64,71,10613,13294
2023-01-04 14:35:30,64,69,10613,13294
2023-01-04 14:35:55,64,70,10613,13294
2023-01-04 14:35:56,64,68,10613,13294
2023-01-04 14:35:56,63,68,10613,13294
2023-01-04 14:36:22,63,70,10613,13294
2023-01-04 14:36:22,65,70,10613,13294
2023-01-04 14:37:22,65,72,10613,13294
2023-01-04 14:37:22,65,71,10613,13294
2023-01-04 14:37:52,65,72,10613,13294
2023-01-04 14:37:53,65,70,10613,13294
2023-01-04 14:37:53,64,70,10613,13294
2023-01-04 14:38:22,62,70,10613,13294
2023-01-04 14:38:22,62,71,10613,13294
2023-01-04 14:38:23,65,71,10613,13294
2023-01-04 14:38:52,67,71,10613,13294
2023-01-04 14:38:52,67,75,10613,13294
2023-01-04 14:38:53,67,72,10613,13294
2023-01-04 14:38:57,66,72,10613,13407
2023-01-04 14:38:57,65,72,10613,13407
2023-01-04 14:39:03,67,72,10613,13407
2023-01-04 14:39:17,65,72,10613,13507
2023-01-04 14:39:22,63,72,10613,13507
2023-01-04 14:39:22,64,72,10613,13507
2023-01-04 14:39:22,64,69,10613,13507
2023-01-04 14:39:40,65,69,10613,13507
2023-01-04 14:39:51,65,70,10613,13507
2023-01-04 14:41:17,64,70,10613,13607
2023-01-04 14:41:22,66,70,10613,13607
2023-01-04 14:41:22,66,72,10613,13607
2023-01-04 14:41:31,64,72,10613,13742
2023-01-04 14:41:45,55,72,10613,13962
2023-01-04 14:42:00,56,72,10613,13962
2023-01-04 14:42:31,56,66,10613,13962
2023-01-04 14:42:31,57,66,10613,13962
2023-01-04 14:42:33,57,62,10613,13962
2023-01-04 14:43:24,57,64,10706,14055
2023-01-04 14:43:27,59,64,10706,14055
2023-01-04 14:43:27,61,64,10706,14055
2023-01-04 14:43:27,61,66,10706,14055
2023-01-04 14:43:55,61,68,10801,14150
2023-01-04 14:44:26,61,70,10801,14150
2023-01-04 14:44:26,62,70,10801,14150
2023-01-04 14:44:26,62,75,10801,14150
2023-01-04 14:44:27,62,73,10801,14150
2023-01-04 14:44:27,62,71,10801,14150
2023-01-04 14:44:27,62,69,10801,14150
2023-01-04 14:44:27,64,69,10801,14150
2023-01-04 14:45:32,64,71,10801,14150
2023-01-04 14:45:32,65,71,10801,14150
2023-01-04 14:46:27,63,71,10801,14150
2023-01-04 14:46:28,63,69,10801,14150
2023-01-04 14:46:59,63,69,10803,14154
2023-01-04 14:47:25,61,69,10803,14154
2023-01-04 14:47:25,59,69,10803,14154
2023-01-04 14:47:26,59,67,10803,14154
2023-01-04 14:47:26,60,67,10803,14154
2023-01-04 14:47:27,60,65,10803,14154
2023-01-04 14:48:25,60,67,10803,14154
2023-01-04 14:48:26,60,68,10803,14154
2023-01-04 14:48:27,60,66,10803,14154
2023-01-04 14:48:38,61,66,10803,14154
2023-01-04 14:49:25,61,65,10803,14154
2023-01-04 14:50:36,63,65,10803,14154
2023-01-04 14:50:37,63,71,10803,14154
2023-01-04 14:50:37,65,71,10803,14154
2023-01-04 14:51:06,67,71,10803,14154
2023-01-04 14:51:07,67,74,10803,14154
2023-01-04 14:51:07,69,74,10803,14154
2023-01-04 14:51:33,69,75,10803,14154
2023-01-04 14:51:33,70,75,10803,14154
2023-01-04 14:51:50,68,75,10803,14243
2023-01-04 14:52:23,63,75,10803,14243
2023-01-04 14:52:23,63,73,10803,14243
2023-01-04 14:52:23,65,73,10803,14243
2023-01-04 14:52:23,65,71,10803,14243
2023-01-04 14:52:51,64,71,10803,14243
2023-01-04 14:52:51,66,71,10803,14243
2023-01-04 14:53:04,66,73,10904,14344
2023-01-04 14:53:22,66,71,10904,14344
2023-01-04 14:53:51,64,71,10904,14344
2023-01-04 14:53:51,65,71,10904,14344
2023-01-04 14:53:51,65,70,10904,14344
2023-01-04 14:54:19,65,70,10909,14349
2023-01-04 14:54:21,63,70,10909,14349
2023-01-04 14:54:21,63,68,10909,14349
2023-01-04 14:54:52,65,68,10909,14349
2023-01-04 14:54:52,65,70,10909,14349
2023-01-04 14:55:02,65,72,11032,14472
2023-01-04 14:55:28,65,74,11032,14472
2023-01-04 14:55:28,65,75,11032,14472
2023-01-04 14:55:28,65,73,11032,14472
2023-01-04 14:55:28,65,71,11032,14472
2023-01-04 14:55:35,63,71,11032,14575
2023-01-04 14:55:52,56,71,11032,14575
2023-01-04 14:55:52,56,75,11032,14575
2023-01-04 14:55:53,56,68,11032,14575
2023-01-04 14:55:53,56,66,11032,14575
2023-01-04 14:55:53,58,66,11032,14575
2023-01-04 14:55:54,58,64,11032,14575
2023-01-04 14:56:20,58,64,11032,14581
2023-01-04 14:56:21,58,68,11032,14581
2023-01-04 14:56:21,60,68,11032,14581
2023-01-04 14:56:21,60,69,11032,14581
2023-01-04 14:56:21,60,67,11032,14581
2023-01-04 14:56:22,60,65,11032,14581
2023-01-04 14:56:26,58,65,11032,14659
2023-01-04 14:56:33,56,65,11032,14743
2023-01-04 14:56:37,56,58,11032,14743
2023-01-04 14:56:42,1,58,11032,14812
2023-01-04 14:56:45,50,58,11032,14812
2023-01-04 14:56:49,50,65,11032,14812
2023-01-04 14:56:51,50,67,11032,14812
2023-01-04 14:56:51,50,52,11080,14860
2023-01-04 14:56:51,50,52,11080,14860
2023-01-04 14:56:59,45,52,11106,14912
2023-01-04 14:57:08,45,54,11157,14963
2023-01-04 14:57:22,45,67,11157,14963
2023-01-04 14:57:23,43,67,11157,14963
2023-01-04 14:58:51,43,59,11157,14963
2023-01-04 14:58:51,45,59,11157,14963
2023-01-04 14:58:51,45,55,11157,14963
2023-01-04 14:58:51,47,55,11157,14963
2023-01-04 14:58:51,49,55,11157,14963
2023-01-04 14:59:51,49,57,11157,14963
2023-01-04 14:59:51,48,57,11157,14963
2023-01-04 14:59:51,48,60,11157,14963
2023-01-04 14:59:51,48,56,11157,14963
2023-01-04 14:59:52,50,56,11157,14963
2023-01-04 15:00:30,50,54,11157,14963
2023-01-04 15:00:31,50,52,11157,14963
2023-01-04 15:00:32,46,52,11157,14963
2023-01-04 15:01:15,46,52,11157,15012
2023-01-04 15:01:22,46,53,11157,15012
2023-01-04 15:01:22,46,51,11157,15012
2023-01-04 15:01:22,43,51,11157,15012
2023-01-04 15:01:25,45,51,11157,15012
2023-01-04 15:01:36,43,51,11157,15103
2023-01-04 15:01:44,41,51,11157,15180
2023-01-04 15:01:50,1,51,11157,15259
2023-01-04 15:01:52,32,51,11157,15259
2023-01-04 15:01:52,32,42,11157,15259
2023-01-04 15:01:52,34,42,11157,15259
2023-01-04 15:01:53,34,40,11157,15259
2023-01-04 15:02:13,35,40,11157,15259
2023-01-04 15:02:23,35,42,11157,15259
2023-01-04 15:02:23,35,70,11157,15259
2023-01-04 15:02:36,37,70,11157,15259
2023-01-04 15:02:37,37,52,11157,15259
2023-01-04 15:03:12,40,52,11157,15259
2023-01-04 15:03:14,40,50,11157,15259
2023-01-04 15:03:51,40,43,11157,15259
2023-01-04 15:04:01,40,45,11241,15343
2023-01-04 15:04:21,40,47,11241,15343
2023-01-04 15:04:21,40,48,11241,15343
2023-01-04 15:04:21,40,46,11241,15343
2023-01-04 15:04:22,40,44,11241,15343
2023-01-04 15:04:34,40,46,11344,15446
2023-01-04 15:04:51,40,48,11344,15446
2023-01-04 15:04:51,40,45,11344,15446
2023-01-04 15:04:51,40,41,11344,15446
2023-01-04 15:04:53,37,41,11444,15645
2023-01-04 15:05:11,38,41,11444,15645
2023-01-04 15:05:26,37,38,11513,15714
2023-01-04 15:05:50,38,40,11523,15724
2023-01-04 15:05:51,38,42,11523,15724
2023-01-04 15:05:51,38,50,11523,15724
2023-01-04 15:05:51,38,39,11523,15724
2023-01-04 15:05:57,37,39,11530,15731
2023-01-04 15:05:59,39,41,11626,15827
2023-01-04 15:06:21,37,41,11626,15827
2023-01-04 15:06:21,39,41,11626,15827
2023-01-04 15:06:25,39,44,11626,15827
2023-01-04 15:06:44,39,46,11709,15910
2023-01-04 15:06:49,39,48,11784,15985
2023-01-04 15:06:50,37,48,11784,15985
2023-01-04 15:06:50,37,45,11784,15985
2023-01-04 15:06:50,38,45,11784,15985
2023-01-04 15:06:50,38,43,11784,15985
2023-01-04 15:06:57,38,47,11934,16135
2023-01-04 15:06:58,43,47,11934,16135
2023-01-04 15:07:13,38,47,11934,16135
2023-01-04 15:07:21,38,59,11934,16135
2023-01-04 15:07:21,44,59,11934,16135
2023-01-04 15:07:21,44,58,11934,16135
2023-01-04 15:07:21,46,58,11934,16135
2023-01-04 15:07:21,46,56,11934,16135
2023-01-04 15:07:22,46,54,11934,16135
2023-01-04 15:07:22,48,54,11934,16135
2023-01-04 15:07:50,46,54,11934,16135
2023-01-04 15:07:51,44,54,11934,16135
2023-01-04 15:07:51,1,54,11934,16135
2023-01-04 15:07:51,1,56,11934,16135
2023-01-04 15:07:52,1,70,11934,16135
2023-01-04 15:07:58,1,69,11934,16135
2023-01-04 15:08:22,1,68,11934,16135
2023-01-04 15:08:29,45,68,11934,16135
2023-01-04 15:08:30,45,69,11934,16135
2023-01-04 15:08:30,45,60,11934,16135
2023-01-04 15:08:46,45,67,11934,16135
2023-01-04 15:08:54,65,67,11934,16135
2023-01-04 15:09:01,45,65,11949,16165
2023-01-04 15:09:21,45,66,11949,16165
2023-01-04 15:11:50,47,66,11949,16165
2023-01-04 15:11:50,47,57,11949,16165
2023-01-04 15:11:51,47,53,11949,16165
2023-01-04 15:12:21,47,55,11949,16165
2023-01-04 15:12:21,45,55,11949,16165
2023-01-04 15:12:21,45,57,11949,16165
2023-01-04 15:12:21,46,57,11949,16165
2023-01-04 15:12:21,46,54,11949,16165
2023-01-04 15:12:22,48,54,11949,16165
2023-01-04 15:12:50,44,45,11949,16338
2023-01-04 15:12:51,47,53,11949,16438
2023-01-04 15:13:07,45,53,11949,16441
2023-01-04 15:13:10,43,53,11949,16511
2023-01-04 15:13:21,43,51,11949,16511
2023-01-04 15:13:21,46,51,11949,16511
2023-01-04 15:13:30,51,53,12026,16588
2023-01-04 15:13:48,47,53,12026,16588
2023-01-04 15:13:53,47,63,12026,16588
2023-01-04 15:14:05,48,63,12026,16588
2023-01-04 15:14:07,48,61,12026,16588
2023-01-04 15:14:21,48,55,12026,16588
2023-01-04 15:14:21,49,55,12026,16588
2023-01-04 15:14:32,41,55,12026,16757
2023-01-04 15:14:51,41,45,12026,16757
2023-01-04 15:14:58,45,47,12075,16806
2023-01-04 15:15:10,41,45,12075,16806
2023-01-04 15:15:27,44,45,12075,16806
2023-01-04 15:15:27,46,47,12075,16854
2023-01-04 15:15:29,46,52,12075,16854
2023-01-04 15:15:52,44,52,12075,16854
2023-01-04 15:15:52,44,51,12075,16854
2023-01-04 15:15:52,42,51,12075,16854
2023-01-04 15:15:52,41,51,12075,16854
2023-01-04 15:15:52,41,49,12075,16854
2023-01-04 15:15:53,43,49,12075,16854
2023-01-04 15:16:21,46,49,12075,16854
2023-01-04 15:16:22,46,50,12075,16854
2023-01-04 15:16:38,46,52,12075,16854
2023-01-04 15:17:22,46,51,12075,16854
2023-01-04 15:17:22,44,51,12075,16854
2023-01-04 15:17:22,43,51,12075,16854
2023-01-04 15:17:23,45,51,12075,16854
2023-01-04 15:17:50,45,53,12075,16854
2023-01-04 15:17:51,47,53,12075,16854
2023-01-04 15:18:19,47,53,12075,16861
2023-01-04 15:18:23,41,53,12075,16861
2023-01-04 15:18:24,41,63,12075,16861
2023-01-04 15:18:24,41,49,12075,16861
2023-01-04 15:18:50,41,44,12075,16861
2023-01-04 15:19:11,44,46,12145,16931
2023-01-04 15:19:18,38,48,12195,16981
2023-01-04 15:19:20,36,48,12195,16981
2023-01-04 15:19:20,34,48,12195,16981
2023-01-04 15:19:21,34,61,12195,16981
2023-01-04 15:19:21,15,61,12195,16981
2023-01-04 15:19:27,15,61,12195,16982
2023-01-04 15:19:50,15,57,12195,16982
2023-01-04 15:19:51,45,57,12195,16982
2023-01-04 15:19:51,47,57,12195,16982
2023-01-04 15:19:51,47,53,12195,16982
2023-01-04 15:20:01,45,53,12231,17053
2023-01-04 15:20:23,46,53,12231,17053
2023-01-04 15:20:30,46,52,12231,17053
2023-01-04 15:20:31,46,50,12231,17053
2023-01-04 15:20:52,46,47,12231,17053
2023-01-04 15:21:11,46,49,12300,17122
2023-01-04 15:21:17,46,51,12349,17171
2023-01-04 15:21:22,46,49,12349,17171
2023-01-04 15:21:29,46,51,12414,17236
2023-01-04 15:21:43,46,53,12464,17286
2023-01-04 15:21:52,46,57,12464,17286
2023-01-04 15:21:52,47,57,12464,17286
2023-01-04 15:21:52,47,55,12464,17286
2023-01-04 15:21:53,49,55,12464,17286
2023-01-04 15:22:09,49,55,12469,17291
2023-01-04 15:22:13,55,57,12534,17356
2023-01-04 15:22:19,49,55,12534,17356
2023-01-04 15:22:32,49,57,12616,17456
2023-01-04 15:22:37,57,59,12664,17504
2023-01-04 15:22:44,49,59,12664,17504
2023-01-04 15:22:45,57,59,12690,17556
2023-01-04 15:22:51,49,59,12690,17556
2023-01-04 15:22:52,47,59,12690,17556
2023-01-04 15:22:52,47,75,12690,17556
2023-01-04 15:22:52,60,75,12690,17556
2023-01-04 15:22:52,62,75,12690,17556
2023-01-04 15:22:59,62,75,12690,17569
2023-01-04 15:23:15,62,80,12690,17569
2023-01-04 15:23:23,60,80,12690,17569
2023-01-04 15:23:23,46,80,12690,17569
2023-01-04 15:23:27,46,79,12690,17569
2023-01-04 15:24:03,63,79,12690,17569
2023-01-04 15:24:41,57,79,12690,17569
2023-01-04 15:25:09,57,80,12774,17669
2023-01-04 15:25:28,63,80,12774,17669
2023-01-04 15:25:28,63,70,12774,17669
2023-01-04 15:25:28,63,68,12774,17669
2023-01-04 15:25:33,61,68,12798,17716
2023-01-04 15:25:52,59,68,12824,17769
2023-01-04 15:25:53,59,61,12824,17769
2023-01-04 15:25:55,55,61,12824,17769
2023-01-04 15:26:00,55,79,12824,17769
2023-01-04 15:26:05,53,79,12824,17814
2023-01-04 15:26:17,54,79,12824,17814
2023-01-04 15:26:35,54,78,12824,17814
2023-01-04 15:26:56,54,78,12835,17836
2023-01-04 15:26:58,54,79,12835,17836
2023-01-04 15:27:50,54,78,12835,17836
2023-01-04 15:29:23,15,78,12835,17836
2023-01-04 15:29:36,25,78,12835,17836
2023-01-04 15:29:37,56,78,12835,17836
2023-01-04 15:29:42,56,71,12835,17836
2023-01-04 15:29:50,56,77,12835,17836
2023-01-04 15:29:58,56,77,12840,17846
2023-01-04 15:30:12,56,75,12840,17846
2023-01-04 15:30:33,50,75,12840,17846
2023-01-04 15:30:33,44,75,12840,17846
2023-01-04 15:30:33,38,75,12840,17846
2023-01-04 15:30:33,32,75,12840,17846
2023-01-04 15:30:33,25,75,12840,17846
2023-01-04 15:30:50,60,75,12840,17846
2023-01-04 15:31:39,60,79,12840,17846
2023-01-04 15:31:47,54,79,12840,17846
2023-01-04 15:31:48,48,79,12840,17846
2023-01-04 15:31:48,42,79,12840,17846
2023-01-04 15:31:48,36,79,12840,17846
2023-01-04 15:31:48,25,79,12840,17846
2023-01-04 15:32:12,66,79,12840,17846
2023-01-04 15:32:29,66,75,12840,17846
2023-01-04 15:32:50,66,70,12840,17846
2023-01-04 15:33:49,66,75,12885,17935
2023-01-04 15:34:01,66,79,12885,17935
2023-01-04 15:34:35,66,80,12885,17935
2023-01-04 15:35:30,66,80,12895,17945
2023-01-04 15:35:58,70,80,12895,17945
2023-01-04 15:36:02,80,96,12917,17967
2023-01-04 15:36:06,80,98,12917,17967
2023-01-04 15:36:16,66,98,12917,17967
2023-01-04 15:36:40,66,97,12917,17967
2023-01-04 15:36:42,70,97,12917,17967
2023-01-04 15:37:17,70,95,12917,17967
2023-01-04 15:37:19,80,95,12917,17967
2023-01-04 15:37:24,80,95,12930,17993
2023-01-04 15:37:34,25,95,12930,17993
2023-01-04 15:37:45,82,95,12930,17993
2023-01-04 15:38:02,82,93,12930,17993
2023-01-04 15:38:13,82,92,12930,17993
2023-01-04 15:38:17,82,90,12930,17993
2023-01-04 15:38:20,76,90,13030,18093
2023-01-04 15:38:21,76,82,13030,18093
2023-01-04 15:38:35,76,82,13032,18098
2023-01-04 15:38:41,76,90,13035,18103
2023-01-04 15:38:50,77,90,13035,18103
2023-01-04 15:39:27,77,87,13035,18103
2023-01-04 15:39:36,77,90,13184,18402
2023-01-04 15:39:46,67,90,13184,18402
2023-01-04 15:39:49,67,89,13184,18402
2023-01-04 15:39:56,82,89,13184,18402
2023-01-04 15:40:25,82,89,13184,18412
2023-01-04 15:41:20,85,89,13184,18412
2023-01-04 15:41:46,85,90,13184,18412
2023-01-04 15:41:46,85,90,13184,18422
2023-01-04 15:43:33,88,90,13184,18422
2023-01-04 15:44:59,90,95,13194,18432
2023-01-04 15:45:12,90,97,13236,18516
2023-01-04 15:45:19,91,97,13236,18516
2023-01-04 15:46:06,91,98,13236,18516
2023-01-04 15:46:23,91,99,13436,18716
2023-01-04 15:46:48,91,98,13436,18716
2023-01-04 15:47:06,91,95,13436,18716
2023-01-04 15:47:17,91,98,13436,18716
2023-01-04 15:47:17,95,98,13436,18716
2023-01-04 15:47:21,91,98,13441,18726
2023-01-04 15:47:42,92,98,13441,18726
2023-01-04 15:48:03,92,98,13441,18731
2023-01-04 15:48:25,92,97,13441,18731
2023-01-04 15:48:36,93,97,13441,18731
2023-01-04 15:48:50,93,97,13466,18781
2023-01-04 15:48:53,93,98,13492,18832
2023-01-04 15:48:56,91,98,13639,19127
2023-01-04 15:49:53,91,98,13639,19137
2023-01-04 15:50:03,91,97,13639,19137
2023-01-04 15:51:07,91,97,13644,19147
2023-01-04 15:51:18,91,98,13722,19302
2023-01-04 15:51:31,91,97,13722,19302
2023-01-04 15:52:29,91,98,13998,19656
2023-01-04 15:52:45,91,97,13998,19656
2023-01-04 15:53:38,91,97,14003,19666
2023-01-04 15:53:45,91,98,14003,19666
2023-01-04 15:53:50,97,98,14003,19666
2023-01-04 15:54:06,91,98,14003,19666
2023-01-04 15:54:30,91,99,14053,19766
2023-01-04 15:54:31,91,97,14053,19766
2023-01-04 15:54:36,91,99,14131,19921
2023-01-04 15:54:36,97,99,14131,19921
2023-01-04 15:54:37,98,99,14131,19921
2023-01-04 15:54:43,97,98,14136,19931
2023-01-04 15:54:48,97,98,14186,20031
2023-01-04 15:54:51,91,98,14241,20086
2023-01-04 15:54:55,91,98,14241,20186
2023-01-04 15:55:04,91,98,14241,20286
2023-01-04 15:55:09,73,98,14241,20567
2023-01-04 15:55:13,73,93,14241,20567
2023-01-04 15:55:28,67,93,14241,20567
2023-01-04 15:55:28,67,98,14291,20667
2023-01-04 15:55:28,67,97,14291,20667
2023-01-04 15:55:57,61,97,14291,20667
2023-01-04 15:56:05,70,97,14291,20667
2023-01-04 15:56:09,70,90,14291,20667
2023-01-04 15:56:47,61,90,14291,20667
2023-01-04 15:56:51,75,90,14291,20667
2023-01-04 15:57:22,75,90,14296,20677
2023-01-04 15:57:30,75,90,14296,20877
2023-01-04 15:57:31,61,90,14296,20877
2023-01-04 15:57:48,61,89,14296,20877
2023-01-04 15:57:49,62,89,14296,20877
2023-01-04 15:58:14,62,88,14296,20877
2023-01-04 15:58:24,55,88,14296,21796
2023-01-04 15:58:40,15,87,14296,21796
2023-01-04 15:58:58,46,87,14296,21796
2023-01-04 15:59:06,40,87,14296,21796
2023-01-04 15:59:06,34,87,14296,21796
2023-01-04 15:59:06,34,46,14296,21796
2023-01-04 15:59:12,34,87,14296,21796
2023-01-04 15:59:18,34,87,14346,21846
2023-01-04 15:59:19,28,87,14346,21846
2023-01-04 15:59:29,28,87,14361,21876
2023-01-04 15:59:34,28,87,14453,22060
2023-01-04 15:59:36,22,28,14546,22246
2023-01-04 15:59:40,22,28,14635,22425
2023-01-04 15:59:42,15,22,14796,22746
2023-01-04 15:59:48,1,22,14873,22901
