datetime,bid,ask,open_interest,volume
2023-03-30 09:30:26,39,46,734,1743
2023-03-30 09:30:30,39,52,734,1743
2023-03-30 09:30:31,39,50,734,1743
2023-03-30 09:31:04,39,48,734,1743
2023-03-30 09:31:04,42,48,734,1743
2023-03-30 09:31:04,44,47,734,1743
2023-03-30 09:31:06,44,46,734,1743
2023-03-30 09:31:20,45,46,734,1743
2023-03-30 09:31:21,45,49,734,1743
2023-03-30 09:31:21,45,48,734,1743
2023-03-30 09:31:25,43,48,734,1743
2023-03-30 09:31:25,43,46,734,1743
2023-03-30 09:31:26,43,47,734,1743
2023-03-30 09:31:26,43,46,734,1743
2023-03-30 09:31:31,42,46,734,1743
2023-03-30 09:31:33,42,45,734,1743
2023-03-30 09:31:33,42,44,734,1743
2023-03-30 09:31:42,42,45,734,1743
2023-03-30 09:31:42,42,44,734,1743
2023-03-30 09:31:51,43,44,734,1743
2023-03-30 09:31:51,43,47,734,1743
2023-03-30 09:31:51,43,46,734,1743
2023-03-30 09:31:51,43,47,734,1743
2023-03-30 09:31:51,43,46,734,1743
2023-03-30 09:31:59,42,46,734,1743
2023-03-30 09:31:59,42,45,734,1743
2023-03-30 09:32:19,40,45,734,1743
2023-03-30 09:32:19,40,43,734,1743
2023-03-30 09:32:24,40,42,734,1743
2023-03-30 09:32:25,38,41,734,1743
2023-03-30 09:32:30,38,40,734,1743
2023-03-30 09:32:37,38,42,734,1743
2023-03-30 09:32:37,38,41,734,1743
2023-03-30 09:32:41,39,41,734,1743
2023-03-30 09:32:42,40,41,734,1743
2023-03-30 09:32:42,40,44,734,1743
2023-03-30 09:32:42,40,43,734,1743
2023-03-30 09:32:43,41,43,734,1743
2023-03-30 09:32:45,41,44,734,1743
2023-03-30 09:32:48,41,43,734,1743
2023-03-30 09:32:48,39,43,734,1743
2023-03-30 09:32:48,39,42,734,1743
2023-03-30 09:32:51,38,42,734,1743
2023-03-30 09:33:03,38,42,734,1743
2023-03-30 09:33:03,41,42,734,1743
2023-03-30 09:33:03,41,43,734,1743
2023-03-30 09:33:11,42,43,734,1743
2023-03-30 09:33:14,41,43,734,1743
2023-03-30 09:33:17,42,43,734,1743
2023-03-30 09:33:18,43,45,734,1903
2023-03-30 09:33:18,43,44,734,1903
2023-03-30 09:33:21,43,45,734,1903
2023-03-30 09:33:23,42,44,734,1903
2023-03-30 09:33:24,43,44,734,1903
2023-03-30 09:33:30,41,44,734,1903
2023-03-30 09:33:34,42,44,734,1903
2023-03-30 09:33:37,41,44,734,1903
2023-03-30 09:33:39,42,44,734,1903
2023-03-30 09:33:40,41,44,734,1903
2023-03-30 09:34:09,42,44,734,1903
2023-03-30 09:34:11,41,44,734,1903
2023-03-30 09:34:50,43,45,734,1903
2023-03-30 09:34:50,43,44,734,1903
2023-03-30 09:34:58,43,44,742,1911
2023-03-30 09:34:58,43,44,750,1919
2023-03-30 09:35:06,43,45,750,1919
2023-03-30 09:35:06,43,44,750,1919
2023-03-30 09:35:21,43,45,750,1919
2023-03-30 09:35:32,44,45,750,1919
2023-03-30 09:35:36,44,46,750,1919
2023-03-30 09:35:37,44,45,750,1919
2023-03-30 09:35:50,44,46,750,1919
2023-03-30 09:35:50,44,45,750,1919
2023-03-30 09:36:03,45,46,750,2019
2023-03-30 09:36:23,45,47,750,2019
2023-03-30 09:36:23,44,47,750,2019
2023-03-30 09:36:31,44,46,750,2019
2023-03-30 09:36:33,44,45,750,2019
2023-03-30 09:36:38,43,45,750,2019
2023-03-30 09:36:46,44,45,750,2019
2023-03-30 09:36:53,44,47,750,2019
2023-03-30 09:36:57,45,47,750,2019
2023-03-30 09:37:00,44,47,750,2019
2023-03-30 09:37:32,46,48,750,2019
2023-03-30 09:37:36,47,48,750,2019
2023-03-30 09:37:41,47,49,750,2019
2023-03-30 09:37:49,46,49,750,2019
2023-03-30 09:37:58,46,50,750,2019
2023-03-30 09:37:58,46,48,750,2019
2023-03-30 09:38:03,46,47,750,2019
2023-03-30 09:38:07,44,47,810,2079
2023-03-30 09:38:11,45,47,810,2079
2023-03-30 09:38:29,44,47,810,2079
2023-03-30 09:38:29,44,46,810,2079
2023-03-30 09:38:29,45,46,810,2079
2023-03-30 09:38:30,44,46,810,2079
2023-03-30 09:38:35,45,46,810,2079
2023-03-30 09:38:38,44,46,810,2079
2023-03-30 09:38:39,45,46,810,2079
2023-03-30 09:38:46,45,47,810,2079
2023-03-30 09:38:51,46,47,810,2079
2023-03-30 09:38:59,46,48,810,2079
2023-03-30 09:39:30,47,48,810,2079
2023-03-30 09:39:30,47,49,810,2079
2023-03-30 09:39:37,47,50,810,2079
2023-03-30 09:39:37,47,49,810,2079
2023-03-30 09:39:37,47,50,810,2079
2023-03-30 09:39:45,47,49,810,2079
2023-03-30 09:39:56,47,48,810,2079
2023-03-30 09:39:56,46,48,810,2079
2023-03-30 09:40:04,45,48,810,2079
2023-03-30 09:40:04,46,48,810,2079
2023-03-30 09:40:13,47,48,810,2079
2023-03-30 09:40:18,47,50,810,2079
2023-03-30 09:40:18,47,49,810,2079
2023-03-30 09:40:25,47,48,810,2079
2023-03-30 09:40:33,45,48,810,2079
2023-03-30 09:40:33,45,47,810,2079
2023-03-30 09:40:44,46,47,810,2079
2023-03-30 09:40:45,45,47,810,2079
2023-03-30 09:40:48,45,48,810,2079
2023-03-30 09:41:06,44,48,810,2079
2023-03-30 09:41:06,44,47,810,2079
2023-03-30 09:41:17,44,45,810,2079
2023-03-30 09:41:18,42,45,910,2179
2023-03-30 09:41:20,44,45,910,2179
2023-03-30 09:41:21,42,44,930,2199
2023-03-30 09:41:32,42,45,930,2199
2023-03-30 09:41:36,42,44,930,2199
2023-03-30 09:41:57,43,44,930,2199
2023-03-30 09:42:23,43,45,930,2199
2023-03-30 09:42:23,43,46,930,2199
2023-03-30 09:42:23,43,45,930,2199
2023-03-30 09:42:23,43,44,930,2199
2023-03-30 09:42:24,43,45,930,2199
2023-03-30 09:42:38,43,47,930,2199
2023-03-30 09:42:38,43,46,930,2199
2023-03-30 09:42:38,43,44,930,2199
2023-03-30 09:42:54,43,47,930,2199
2023-03-30 09:42:54,43,45,930,2199
2023-03-30 09:42:54,43,44,930,2199
2023-03-30 09:43:06,43,46,930,2199
2023-03-30 09:43:07,43,45,930,2199
2023-03-30 09:43:22,43,44,930,2199
2023-03-30 09:43:24,42,44,930,2199
2023-03-30 09:43:39,42,43,930,2199
2023-03-30 09:43:42,43,44,930,2219
2023-03-30 09:43:47,42,44,930,2219
2023-03-30 09:43:51,43,44,930,2219
2023-03-30 09:43:54,43,46,930,2219
2023-03-30 09:43:54,43,47,930,2219
2023-03-30 09:43:54,43,45,930,2219
2023-03-30 09:43:54,42,45,930,2219
2023-03-30 09:43:58,43,45,930,2219
2023-03-30 09:44:01,42,45,930,2219
2023-03-30 09:44:01,44,45,930,2219
2023-03-30 09:44:08,44,47,930,2219
2023-03-30 09:44:14,45,47,930,2219
2023-03-30 09:44:39,45,48,930,2219
2023-03-30 09:44:39,45,47,930,2219
2023-03-30 09:44:40,45,46,930,2219
2023-03-30 09:44:55,45,48,930,2219
2023-03-30 09:44:56,45,47,930,2219
2023-03-30 09:45:12,45,48,930,2219
2023-03-30 09:45:27,45,47,930,2219
2023-03-30 09:45:42,45,48,930,2219
2023-03-30 09:45:42,45,47,930,2219
2023-03-30 09:45:43,45,48,930,2219
2023-03-30 09:45:43,45,46,930,2219
2023-03-30 09:45:58,45,48,930,2219
2023-03-30 09:45:58,45,46,930,2219
2023-03-30 09:46:10,44,46,930,2219
2023-03-30 09:46:13,42,46,930,2219
2023-03-30 09:46:13,43,46,930,2219
2023-03-30 09:46:13,43,45,930,2219
2023-03-30 09:46:14,43,44,930,2219
2023-03-30 09:46:44,42,44,930,2219
2023-03-30 09:46:58,43,44,930,2219
2023-03-30 09:47:00,43,46,930,2219
2023-03-30 09:47:00,43,44,930,2219
2023-03-30 09:47:15,43,46,930,2219
2023-03-30 09:47:15,43,45,930,2219
2023-03-30 09:47:15,43,44,930,2219
2023-03-30 09:47:18,43,46,930,2219
2023-03-30 09:47:46,42,46,930,2219
2023-03-30 09:48:02,42,47,930,2219
2023-03-30 09:48:02,42,45,930,2219
2023-03-30 09:49:29,42,46,930,2219
2023-03-30 09:49:29,42,44,930,2219
2023-03-30 09:49:46,40,44,930,2219
2023-03-30 09:49:46,40,43,930,2219
2023-03-30 09:50:14,40,42,930,2219
2023-03-30 09:50:33,40,44,930,2219
2023-03-30 09:50:33,40,43,930,2219
2023-03-30 09:50:37,40,44,930,2219
2023-03-30 09:50:40,40,45,930,2219
2023-03-30 09:50:41,41,44,930,2219
2023-03-30 09:50:58,42,44,930,2219
2023-03-30 09:50:58,42,45,930,2219
2023-03-30 09:51:02,43,45,930,2219
2023-03-30 09:51:02,43,46,930,2219
2023-03-30 09:51:02,43,45,930,2219
2023-03-30 09:51:03,43,47,930,2219
2023-03-30 09:51:03,43,46,930,2219
2023-03-30 09:51:11,44,46,930,2219
2023-03-30 09:51:24,42,46,930,2219
2023-03-30 09:51:27,43,46,930,2219
2023-03-30 09:51:29,44,46,930,2219
2023-03-30 09:51:29,44,47,930,2219
2023-03-30 09:51:34,43,47,930,2219
2023-03-30 09:51:34,43,46,930,2219
2023-03-30 09:51:41,43,44,930,2219
2023-03-30 09:51:45,42,44,930,2219
2023-03-30 09:51:57,42,43,930,2219
2023-03-30 09:52:01,43,44,930,2260
2023-03-30 09:52:05,42,43,930,2260
2023-03-30 09:52:06,43,44,930,2301
2023-03-30 09:52:11,43,45,930,2301
2023-03-30 09:52:11,43,47,930,2301
2023-03-30 09:52:11,43,45,930,2301
2023-03-30 09:52:12,44,45,930,2301
2023-03-30 09:52:27,44,47,930,2301
2023-03-30 09:52:27,44,46,930,2301
2023-03-30 09:52:43,44,47,930,2301
2023-03-30 09:52:43,44,46,930,2301
2023-03-30 09:53:10,45,46,930,2301
2023-03-30 09:53:13,45,48,930,2301
2023-03-30 09:53:13,45,49,930,2301
2023-03-30 09:53:13,45,48,930,2301
2023-03-30 09:53:13,45,47,930,2301
2023-03-30 09:53:22,46,47,930,2301
2023-03-30 09:53:28,46,49,930,2301
2023-03-30 09:53:28,46,48,930,2301
2023-03-30 09:53:58,46,49,930,2301
2023-03-30 09:53:58,46,48,930,2301
2023-03-30 09:54:13,46,49,930,2301
2023-03-30 09:54:13,46,48,930,2301
2023-03-30 09:54:33,46,47,930,2301
2023-03-30 09:54:43,46,47,971,2342
2023-03-30 09:54:44,44,46,1010,2381
2023-03-30 09:55:00,43,46,1010,2381
2023-03-30 09:55:00,43,45,1010,2381
2023-03-30 09:55:16,43,46,1010,2381
2023-03-30 09:55:16,43,44,1010,2381
2023-03-30 09:55:27,44,46,970,2421
2023-03-30 09:55:27,44,45,970,2421
2023-03-30 09:55:31,44,46,970,2421
2023-03-30 09:55:31,44,45,970,2421
2023-03-30 09:55:42,43,45,970,2421
2023-03-30 09:55:46,43,46,970,2421
2023-03-30 09:55:46,43,44,970,2421
2023-03-30 09:55:51,42,44,970,2421
2023-03-30 09:56:04,42,44,1011,2462
2023-03-30 09:56:04,42,43,1011,2462
2023-03-30 09:56:04,41,43,1050,2501
2023-03-30 09:56:04,41,44,1050,2501
2023-03-30 09:56:04,40,44,1050,2501
2023-03-30 09:56:04,40,43,1050,2501
2023-03-30 09:56:18,40,42,1050,2501
2023-03-30 09:56:33,40,43,1050,2501
2023-03-30 09:56:49,40,42,1050,2501
2023-03-30 09:57:17,40,41,1050,2501
2023-03-30 09:57:31,41,43,1030,2521
2023-03-30 09:57:31,41,42,1030,2521
2023-03-30 09:57:32,41,43,1030,2521
2023-03-30 09:57:33,41,42,1030,2521
2023-03-30 09:57:48,40,42,1030,2521
2023-03-30 09:57:48,40,43,1030,2521
2023-03-30 09:58:06,40,42,1030,2521
2023-03-30 09:58:36,40,43,1030,2521
2023-03-30 09:59:18,40,42,1030,2521
2023-03-30 10:00:01,39,40,894,2681
2023-03-30 10:00:01,39,40,894,2881
2023-03-30 10:00:01,38,40,894,2881
2023-03-30 10:00:02,37,40,894,2881
2023-03-30 10:00:09,37,39,894,2881
2023-03-30 10:00:12,38,39,894,2881
2023-03-30 10:00:14,37,39,894,2881
2023-03-30 10:00:22,36,39,894,2881
2023-03-30 10:00:24,36,38,894,2881
2023-03-30 10:00:25,35,38,894,2881
2023-03-30 10:00:28,35,39,894,2881
2023-03-30 10:00:30,35,38,894,2881
2023-03-30 10:00:32,36,38,894,2881
2023-03-30 10:00:53,37,38,894,2881
2023-03-30 10:00:54,38,41,894,2928
2023-03-30 10:00:54,38,40,894,2928
2023-03-30 10:00:55,38,39,894,2928
2023-03-30 10:00:59,37,39,894,2928
2023-03-30 10:00:59,37,38,894,2928
2023-03-30 10:01:01,38,39,894,2949
2023-03-30 10:01:06,37,39,894,2949
2023-03-30 10:01:06,38,39,894,2949
2023-03-30 10:01:08,39,41,894,2958
2023-03-30 10:01:41,38,41,894,2958
2023-03-30 10:01:41,37,41,894,2958
2023-03-30 10:01:42,39,41,894,2958
2023-03-30 10:01:42,39,43,894,2958
2023-03-30 10:01:52,40,43,894,2958
2023-03-30 10:02:01,41,43,894,2958
2023-03-30 10:02:01,41,43,894,2958
2023-03-30 10:02:21,39,43,894,2958
2023-03-30 10:02:25,40,43,894,2958
2023-03-30 10:02:30,41,43,894,2958
2023-03-30 10:02:31,41,44,894,2958
2023-03-30 10:03:00,41,45,894,2958
2023-03-30 10:03:00,42,45,894,2958
2023-03-30 10:03:35,42,44,894,2958
2023-03-30 10:03:48,42,45,894,2958
2023-03-30 10:03:53,42,44,894,2958
2023-03-30 10:04:01,42,45,894,2958
2023-03-30 10:04:15,43,45,894,2958
2023-03-30 10:04:33,43,46,894,2958
2023-03-30 10:04:33,44,46,894,2958
2023-03-30 10:04:37,44,47,894,2958
2023-03-30 10:05:00,45,47,894,2958
2023-03-30 10:05:01,43,47,894,2958
2023-03-30 10:05:01,46,48,894,2958
2023-03-30 10:05:02,47,48,894,2958
2023-03-30 10:05:03,47,49,894,2958
2023-03-30 10:05:09,48,49,894,2958
2023-03-30 10:05:10,46,49,894,2958
2023-03-30 10:05:10,49,53,894,3058
2023-03-30 10:05:10,49,52,894,3058
2023-03-30 10:05:12,50,52,894,3058
2023-03-30 10:05:20,48,52,894,3058
2023-03-30 10:05:20,48,50,894,3058
2023-03-30 10:05:25,48,52,894,3058
2023-03-30 10:05:31,49,52,894,3058
2023-03-30 10:05:31,49,52,894,3058
2023-03-30 10:05:33,49,51,894,3058
2023-03-30 10:05:35,50,51,894,3058
2023-03-30 10:05:47,50,51,956,3244
2023-03-30 10:05:48,48,51,956,3244
2023-03-30 10:05:52,49,51,956,3244
2023-03-30 10:05:55,49,50,956,3244
2023-03-30 10:05:56,48,50,956,3244
2023-03-30 10:05:56,50,51,957,3245
2023-03-30 10:05:58,51,53,1117,3405
2023-03-30 10:05:58,51,52,1117,3405
2023-03-30 10:06:19,49,51,1957,4245
2023-03-30 10:06:23,49,53,1957,4245
2023-03-30 10:06:23,49,52,1957,4245
2023-03-30 10:06:29,50,52,1957,4245
2023-03-30 10:06:42,51,52,1957,4245
2023-03-30 10:06:43,51,54,1957,4245
2023-03-30 10:06:43,51,53,1957,4245
2023-03-30 10:07:07,52,53,1957,4245
2023-03-30 10:07:08,52,54,1957,4245
2023-03-30 10:07:18,52,54,1998,4286
2023-03-30 10:07:20,52,53,1998,4286
2023-03-30 10:07:20,50,52,2794,5082
2023-03-30 10:07:24,50,54,2794,5082
2023-03-30 10:07:24,50,53,2794,5082
2023-03-30 10:08:10,50,52,2794,5082
2023-03-30 10:08:10,50,51,2794,5082
2023-03-30 10:08:24,49,50,2794,5242
2023-03-30 10:08:25,48,50,2794,5242
2023-03-30 10:08:30,48,51,2794,5242
2023-03-30 10:08:49,47,51,2794,5242
2023-03-30 10:08:56,47,50,2794,5242
2023-03-30 10:09:13,47,52,2794,5242
2023-03-30 10:09:13,47,51,2794,5242
2023-03-30 10:09:18,49,51,2794,5242
2023-03-30 10:09:48,48,51,2794,5242
2023-03-30 10:09:48,49,51,2794,5242
2023-03-30 10:09:48,49,51,2814,5302
2023-03-30 10:09:54,49,53,2814,5302
2023-03-30 10:09:55,49,52,2814,5302
2023-03-30 10:09:55,49,53,2814,5302
2023-03-30 10:10:01,49,52,2814,5302
2023-03-30 10:10:05,51,52,2814,5302
2023-03-30 10:10:19,49,52,2814,5302
2023-03-30 10:10:19,49,52,2814,5342
2023-03-30 10:10:19,50,52,2814,5342
2023-03-30 10:10:36,50,52,2814,5402
2023-03-30 10:10:46,51,52,2814,5402
2023-03-30 10:10:49,51,52,2814,5442
2023-03-30 10:10:49,51,52,2814,5642
2023-03-30 10:10:52,50,52,2814,5642
2023-03-30 10:11:06,50,51,2814,5642
2023-03-30 10:11:21,50,52,2814,5642
2023-03-30 10:11:36,51,52,2814,5642
2023-03-30 10:11:50,50,52,2814,5642
2023-03-30 10:11:50,51,52,2814,5642
2023-03-30 10:11:59,50,51,2934,5762
2023-03-30 10:12:13,50,52,2934,5762
2023-03-30 10:12:21,50,51,2934,5762
2023-03-30 10:12:22,50,51,2826,5870
2023-03-30 10:12:22,52,53,2814,6502
2023-03-30 10:12:24,52,53,2614,6702
2023-03-30 10:12:25,52,55,2525,6902
2023-03-30 10:12:27,53,55,2525,6902
2023-03-30 10:12:28,53,57,2525,6902
2023-03-30 10:12:28,53,56,2525,6902
2023-03-30 10:12:31,54,56,2525,6902
2023-03-30 10:12:34,56,59,2546,6923
2023-03-30 10:12:37,56,60,2546,6923
2023-03-30 10:12:39,56,59,2546,6923
2023-03-30 10:12:51,56,58,2546,6923
2023-03-30 10:12:53,56,59,2706,7083
2023-03-30 10:13:22,56,58,2706,7083
2023-03-30 10:13:23,56,58,2964,7341
2023-03-30 10:13:37,54,56,3124,7501
2023-03-30 10:13:39,54,56,3244,7621
2023-03-30 10:13:39,56,58,3350,7727
2023-03-30 10:13:54,55,58,3350,7727
2023-03-30 10:13:54,56,58,3350,7727
2023-03-30 10:14:25,56,60,3350,7727
2023-03-30 10:14:25,56,59,3350,7727
2023-03-30 10:14:25,57,59,3350,7727
2023-03-30 10:14:26,57,59,3365,7742
2023-03-30 10:14:31,57,59,3380,7757
2023-03-30 10:14:31,57,59,3395,7772
2023-03-30 10:14:32,56,57,3550,7927
2023-03-30 10:14:35,56,57,3565,7942
2023-03-30 10:14:40,56,58,3565,7942
2023-03-30 10:14:40,56,58,3580,7957
2023-03-30 10:14:41,55,58,3580,7957
2023-03-30 10:14:41,55,59,3580,7957
2023-03-30 10:14:41,56,59,3580,7957
2023-03-30 10:14:45,55,56,3620,7997
2023-03-30 10:14:54,55,59,3620,7997
2023-03-30 10:14:55,55,57,3620,7997
2023-03-30 10:15:27,56,57,3620,7997
2023-03-30 10:15:44,55,57,3620,7997
2023-03-30 10:15:44,55,58,3620,7997
2023-03-30 10:15:57,55,57,3620,7997
2023-03-30 10:16:11,57,59,3540,8077
2023-03-30 10:16:12,55,58,3540,8077
2023-03-30 10:16:13,55,60,3540,8077
2023-03-30 10:16:13,56,60,3540,8077
2023-03-30 10:16:13,56,59,3540,8077
2023-03-30 10:16:13,56,57,3540,8077
2023-03-30 10:16:28,55,57,3540,8077
2023-03-30 10:16:28,57,59,3555,8092
2023-03-30 10:16:44,56,59,3555,8092
2023-03-30 10:16:44,57,59,3555,8092
2023-03-30 10:16:58,56,59,3555,8092
2023-03-30 10:16:58,56,59,3595,8132
2023-03-30 10:16:59,56,60,3595,8132
2023-03-30 10:17:11,56,59,3595,8132
2023-03-30 10:17:14,57,59,3595,8132
2023-03-30 10:17:29,56,59,3595,8132
2023-03-30 10:17:29,57,59,3595,8132
2023-03-30 10:17:30,57,60,3595,8132
2023-03-30 10:17:30,57,59,3595,8132
2023-03-30 10:17:45,59,60,3610,8147
2023-03-30 10:17:46,59,60,3616,8153
2023-03-30 10:17:46,59,60,3622,8159
2023-03-30 10:17:59,57,60,3635,8172
2023-03-30 10:17:59,57,59,3635,8172
2023-03-30 10:18:17,56,59,3635,8172
2023-03-30 10:18:17,57,59,3635,8172
2023-03-30 10:18:47,56,59,3635,8172
2023-03-30 10:18:47,57,59,3635,8172
2023-03-30 10:19:03,56,59,3635,8172
2023-03-30 10:19:03,57,59,3635,8172
2023-03-30 10:19:18,59,60,3661,8198
2023-03-30 10:19:18,59,60,3711,8248
2023-03-30 10:19:23,57,59,3711,8252
2023-03-30 10:19:23,57,59,3751,8292
2023-03-30 10:19:26,57,58,3751,8292
2023-03-30 10:19:29,57,58,3801,8342
2023-03-30 10:19:30,57,58,3851,8392
2023-03-30 10:19:31,56,58,3851,8392
2023-03-30 10:19:31,54,58,3851,8392
2023-03-30 10:19:39,53,58,3851,8392
2023-03-30 10:19:39,53,57,3851,8392
2023-03-30 10:19:46,51,57,3851,8392
2023-03-30 10:19:47,50,57,3851,8392
2023-03-30 10:19:47,51,57,3851,8392
2023-03-30 10:20:19,50,57,3851,8392
2023-03-30 10:20:20,51,57,3851,8392
2023-03-30 10:20:29,54,57,3851,8392
2023-03-30 10:20:32,54,56,3851,8392
2023-03-30 10:20:48,51,56,3851,8392
2023-03-30 10:20:48,50,56,3851,8392
2023-03-30 10:20:48,50,57,3851,8392
2023-03-30 10:20:48,53,57,3851,8392
2023-03-30 10:20:48,53,55,3851,8392
2023-03-30 10:21:05,51,55,3851,8392
2023-03-30 10:21:05,51,57,3851,8392
2023-03-30 10:21:05,53,57,3851,8392
2023-03-30 10:21:05,53,55,3851,8392
2023-03-30 10:21:18,52,55,3851,8392
2023-03-30 10:21:18,52,56,3851,8392
2023-03-30 10:21:18,52,54,3851,8392
2023-03-30 10:21:36,52,55,3851,8392
2023-03-30 10:21:36,52,54,3851,8392
2023-03-30 10:21:49,50,54,3851,8392
2023-03-30 10:21:50,51,54,3851,8392
2023-03-30 10:21:50,51,53,3851,8392
2023-03-30 10:22:06,50,53,3851,8392
2023-03-30 10:22:06,50,56,3851,8392
2023-03-30 10:22:06,52,56,3851,8392
2023-03-30 10:22:06,52,54,3851,8392
2023-03-30 10:22:20,52,55,3851,8392
2023-03-30 10:22:28,52,54,3851,8392
2023-03-30 10:22:30,52,53,3851,8392
2023-03-30 10:22:36,49,53,3851,8392
2023-03-30 10:22:36,50,53,3851,8392
2023-03-30 10:22:37,50,52,3851,8392
2023-03-30 10:22:52,49,52,3851,8392
2023-03-30 10:22:52,49,53,3851,8392
2023-03-30 10:22:52,50,53,3851,8392
2023-03-30 10:22:52,50,52,3851,8392
2023-03-30 10:23:06,49,52,3851,8392
2023-03-30 10:23:06,49,54,3851,8392
2023-03-30 10:23:07,51,54,3851,8392
2023-03-30 10:23:07,51,53,3851,8392
2023-03-30 10:23:23,49,53,3851,8392
2023-03-30 10:23:23,49,54,3851,8392
2023-03-30 10:23:23,50,54,3851,8392
2023-03-30 10:23:23,50,52,3851,8392
2023-03-30 10:23:39,50,54,3851,8392
2023-03-30 10:23:39,51,54,3851,8392
2023-03-30 10:23:54,50,54,3851,8392
2023-03-30 10:23:54,51,54,3851,8392
2023-03-30 10:24:08,50,54,3851,8392
2023-03-30 10:24:08,52,54,3851,8392
2023-03-30 10:24:17,52,53,3851,8392
2023-03-30 10:24:24,50,53,3851,8392
2023-03-30 10:24:24,51,53,3851,8392
2023-03-30 10:24:41,51,52,3851,8392
2023-03-30 10:24:44,51,53,3851,8392
2023-03-30 10:24:49,50,51,3891,8432
2023-03-30 10:25:10,49,51,3891,8432
2023-03-30 10:25:10,49,52,3891,8432
2023-03-30 10:25:25,50,52,3891,8432
2023-03-30 10:25:26,50,53,3891,8432
2023-03-30 10:25:26,50,52,3891,8432
2023-03-30 10:25:40,49,50,4011,8712
2023-03-30 10:25:41,48,50,4011,8712
2023-03-30 10:25:42,49,50,4011,8712
2023-03-30 10:25:47,49,52,4011,8712
2023-03-30 10:25:57,50,52,4011,8712
2023-03-30 10:26:21,48,50,4171,8872
2023-03-30 10:26:27,49,50,4171,8872
2023-03-30 10:26:30,49,51,4171,8872
2023-03-30 10:26:30,46,47,3986,9632
2023-03-30 10:26:31,46,48,3986,9632
2023-03-30 10:26:31,46,47,3986,9632
2023-03-30 10:26:42,45,47,3986,9632
2023-03-30 10:26:47,43,47,3986,9632
2023-03-30 10:27:03,43,45,3986,9632
2023-03-30 10:27:03,45,47,4011,9792
2023-03-30 10:27:06,45,46,4011,9792
2023-03-30 10:27:06,41,45,4011,9832
2023-03-30 10:27:12,41,44,4011,9832
2023-03-30 10:27:15,39,44,4011,9832
2023-03-30 10:27:15,39,43,4011,9832
2023-03-30 10:27:26,39,42,4011,9832
2023-03-30 10:27:28,39,40,4011,9832
2023-03-30 10:27:29,40,42,4011,9992
2023-03-30 10:27:32,40,41,4011,9992
2023-03-30 10:27:34,39,41,4011,9992
2023-03-30 10:27:59,39,42,4011,9992
2023-03-30 10:27:59,39,41,4011,9992
2023-03-30 10:28:07,39,40,4011,9992
2023-03-30 10:28:07,37,40,4011,9992
2023-03-30 10:28:08,40,41,4171,10152
2023-03-30 10:28:09,37,40,4211,10192
2023-03-30 10:28:12,37,39,4211,10192
2023-03-30 10:28:13,37,40,4211,10192
2023-03-30 10:28:14,37,39,4211,10192
2023-03-30 10:28:17,39,40,4131,10272
2023-03-30 10:28:18,37,40,4131,10272
2023-03-30 10:28:34,37,40,4131,10272
2023-03-30 10:28:34,38,40,4131,10272
2023-03-30 10:28:36,38,41,4131,10272
2023-03-30 10:28:38,38,40,4131,10272
2023-03-30 10:28:39,38,41,4131,10272
2023-03-30 10:28:45,38,39,4131,10272
2023-03-30 10:28:46,39,41,4091,10312
2023-03-30 10:28:49,39,41,4091,10512
2023-03-30 10:28:50,39,42,4091,10712
2023-03-30 10:28:52,38,42,4091,10712
2023-03-30 10:29:00,39,42,4091,10712
2023-03-30 10:29:00,39,41,4091,10712
2023-03-30 10:29:01,41,42,4091,10792
2023-03-30 10:29:08,42,43,4251,10952
2023-03-30 10:29:09,42,44,4251,10952
2023-03-30 10:29:09,42,43,4251,10952
2023-03-30 10:29:15,40,43,4251,10952
2023-03-30 10:29:15,40,42,4251,10952
2023-03-30 10:29:15,40,42,4251,10992
2023-03-30 10:29:26,42,44,4191,11052
2023-03-30 10:29:27,40,44,4191,11052
2023-03-30 10:29:31,42,44,4191,11052
2023-03-30 10:30:03,40,44,4191,11052
2023-03-30 10:30:03,40,45,4191,11052
2023-03-30 10:30:04,41,45,4191,11052
2023-03-30 10:30:04,41,44,4191,11052
2023-03-30 10:30:17,40,44,4191,11052
2023-03-30 10:30:17,41,44,4191,11052
2023-03-30 10:30:39,41,43,4191,11052
2023-03-30 10:30:48,41,42,4191,11052
2023-03-30 10:31:09,40,41,4391,11252
2023-03-30 10:31:18,40,42,4391,11252
2023-03-30 10:31:18,38,42,4391,11252
2023-03-30 10:31:19,38,41,4391,11252
2023-03-30 10:31:34,38,40,4391,11252
2023-03-30 10:31:49,38,39,4391,11252
2023-03-30 10:32:05,37,39,4391,11252
2023-03-30 10:32:06,37,38,4391,11252
2023-03-30 10:32:22,35,38,4391,11252
2023-03-30 10:32:22,35,36,4391,11252
2023-03-30 10:32:38,35,38,4391,11252
2023-03-30 10:32:38,35,37,4391,11252
2023-03-30 10:32:48,35,39,4271,11372
2023-03-30 10:32:48,36,39,4271,11372
2023-03-30 10:32:50,36,40,4271,11372
2023-03-30 10:32:50,36,39,4271,11372
2023-03-30 10:32:50,36,38,4271,11372
2023-03-30 10:33:06,36,41,4271,11372
2023-03-30 10:33:06,37,41,4271,11372
2023-03-30 10:33:06,37,40,4271,11372
2023-03-30 10:33:16,36,40,4271,11372
2023-03-30 10:33:16,36,41,4271,11372
2023-03-30 10:33:16,39,41,4271,11372
2023-03-30 10:33:31,36,41,4271,11372
2023-03-30 10:33:31,40,41,4271,11372
2023-03-30 10:33:45,37,41,4271,11372
2023-03-30 10:33:45,40,41,4271,11372
2023-03-30 10:34:06,40,42,4271,11372
2023-03-30 10:34:15,38,42,4271,11372
2023-03-30 10:34:16,39,42,4271,11372
2023-03-30 10:34:16,39,42,4311,11412
2023-03-30 10:34:16,41,42,4311,11412
2023-03-30 10:34:20,41,42,4597,11698
2023-03-30 10:34:20,39,41,4711,11812
2023-03-30 10:34:21,39,42,4711,11812
2023-03-30 10:34:31,38,42,4711,11812
2023-03-30 10:34:31,40,42,4711,11812
2023-03-30 10:34:31,40,43,4831,11932
2023-03-30 10:34:46,39,43,4831,11932
2023-03-30 10:34:46,41,43,4831,11932
2023-03-30 10:34:48,43,44,4991,12092
2023-03-30 10:34:49,43,44,4884,12199
2023-03-30 10:34:50,44,45,4884,12212
2023-03-30 10:34:52,44,45,4884,12412
2023-03-30 10:34:54,44,47,4884,12612
2023-03-30 10:34:54,44,46,4884,12612
2023-03-30 10:34:55,43,46,4884,12612
2023-03-30 10:34:59,43,47,4884,12612
2023-03-30 10:35:02,44,47,4884,12612
2023-03-30 10:35:09,44,48,4884,12612
2023-03-30 10:35:09,46,48,4884,12612
2023-03-30 10:35:15,44,46,5004,12732
2023-03-30 10:35:23,44,46,5164,12892
2023-03-30 10:35:24,44,50,5164,12892
2023-03-30 10:35:25,44,51,5164,12892
2023-03-30 10:35:31,45,51,5164,12892
2023-03-30 10:35:31,45,50,5164,12892
2023-03-30 10:35:33,45,47,5164,12892
2023-03-30 10:35:39,46,47,5164,12892
2023-03-30 10:35:43,45,46,5364,13092
2023-03-30 10:35:51,45,46,5364,13230
2023-03-30 10:35:52,45,47,5364,13230
2023-03-30 10:35:55,46,47,5364,13230
2023-03-30 10:35:55,46,50,5484,13350
2023-03-30 10:35:55,48,50,5484,13350
2023-03-30 10:36:10,46,50,5484,13350
2023-03-30 10:36:10,47,50,5484,13350
2023-03-30 10:36:10,51,52,5526,13392
2023-03-30 10:36:11,51,52,5640,13506
2023-03-30 10:36:23,49,51,5640,13510
2023-03-30 10:36:24,47,49,6040,13910
2023-03-30 10:36:26,47,49,6120,13990
2023-03-30 10:36:30,47,51,6120,13990
2023-03-30 10:36:31,47,50,6120,13990
2023-03-30 10:36:38,46,47,6520,14390
2023-03-30 10:36:57,46,49,6520,14390
2023-03-30 10:36:58,46,47,6520,14390
2023-03-30 10:37:12,46,49,6520,14390
2023-03-30 10:37:12,46,50,6520,14390
2023-03-30 10:37:12,46,49,6520,14390
2023-03-30 10:37:12,46,48,6520,14390
2023-03-30 10:37:27,46,50,6520,14390
2023-03-30 10:37:27,46,49,6520,14390
2023-03-30 10:37:27,46,50,6520,14390
2023-03-30 10:37:27,46,47,6520,14390
2023-03-30 10:37:43,46,49,6520,14390
2023-03-30 10:37:43,46,47,6520,14390
2023-03-30 10:38:13,46,49,6520,14390
2023-03-30 10:38:13,46,48,6520,14390
2023-03-30 10:38:13,46,49,6520,14390
2023-03-30 10:38:13,46,47,6520,14390
2023-03-30 10:38:45,46,49,6520,14390
2023-03-30 10:38:46,45,46,6360,14550
2023-03-30 10:38:46,44,46,6360,14550
2023-03-30 10:38:56,43,44,6360,14710
2023-03-30 10:38:57,43,44,6560,14910
2023-03-30 10:39:00,43,44,6720,15070
2023-03-30 10:39:02,42,44,6720,15070
2023-03-30 10:39:04,42,47,6720,15070
2023-03-30 10:39:16,42,48,6720,15070
2023-03-30 10:39:16,42,47,6720,15070
2023-03-30 10:39:16,42,45,6720,15070
2023-03-30 10:39:21,42,43,6720,15070
2023-03-30 10:40:03,40,43,6720,15070
2023-03-30 10:40:32,39,43,6720,15070
2023-03-30 10:40:32,40,43,6720,15070
2023-03-30 10:40:48,39,43,6720,15070
2023-03-30 10:41:04,40,43,6720,15070
2023-03-30 10:41:19,39,43,6720,15070
2023-03-30 10:41:19,39,41,6720,15070
2023-03-30 10:41:35,38,41,6720,15070
2023-03-30 10:41:35,38,42,6720,15070
2023-03-30 10:41:35,40,42,6720,15070
2023-03-30 10:41:49,38,42,6720,15070
2023-03-30 10:41:49,38,40,6720,15070
2023-03-30 10:42:06,37,40,6720,15070
2023-03-30 10:42:06,37,41,6720,15070
2023-03-30 10:42:06,38,41,6720,15070
2023-03-30 10:42:06,38,40,6720,15070
2023-03-30 10:42:20,37,40,6720,15070
2023-03-30 10:42:20,37,41,6720,15070
2023-03-30 10:42:20,37,38,6720,15070
2023-03-30 10:42:23,36,38,6720,15070
2023-03-30 10:42:38,36,40,6720,15070
2023-03-30 10:42:38,36,38,6720,15070
2023-03-30 10:42:51,36,40,6720,15070
2023-03-30 10:42:51,36,39,6720,15070
2023-03-30 10:43:08,36,42,6720,15070
2023-03-30 10:43:08,37,42,6720,15070
2023-03-30 10:43:15,37,43,6720,15070
2023-03-30 10:43:22,37,42,6720,15070
2023-03-30 10:43:22,36,42,6720,15070
2023-03-30 10:43:23,39,42,6720,15070
2023-03-30 10:43:38,38,42,6720,15070
2023-03-30 10:43:54,39,42,6720,15070
2023-03-30 10:44:06,39,43,6720,15070
2023-03-30 10:44:09,38,43,6720,15070
2023-03-30 10:44:09,39,43,6720,15070
2023-03-30 10:44:09,41,43,6720,15070
2023-03-30 10:44:10,41,44,6720,15070
2023-03-30 10:44:24,40,44,6720,15070
2023-03-30 10:44:24,42,44,6720,15070
2023-03-30 10:44:25,40,42,6880,15230
2023-03-30 10:44:36,40,44,6880,15230
2023-03-30 10:44:36,40,42,6880,15230
2023-03-30 10:44:38,38,42,6880,15230
2023-03-30 10:44:39,40,42,6880,15230
2023-03-30 10:44:47,40,44,6880,15230
2023-03-30 10:44:48,40,43,6880,15230
2023-03-30 10:44:51,40,44,6880,15230
2023-03-30 10:44:53,40,43,6880,15230
2023-03-30 10:44:54,38,43,6880,15230
2023-03-30 10:44:55,40,43,6880,15230
2023-03-30 10:45:07,38,40,7080,15430
2023-03-30 10:45:09,39,40,7080,15430
2023-03-30 10:45:18,39,41,7080,15430
2023-03-30 10:45:26,37,41,7080,15430
2023-03-30 10:45:26,38,41,7080,15430
2023-03-30 10:45:42,37,41,7080,15430
2023-03-30 10:45:42,37,43,7080,15430
2023-03-30 10:45:42,39,43,7080,15430
2023-03-30 10:45:42,39,41,7080,15430
2023-03-30 10:45:56,37,41,7080,15430
2023-03-30 10:45:56,37,43,7080,15430
2023-03-30 10:45:56,38,43,7080,15430
2023-03-30 10:45:56,38,41,7080,15430
2023-03-30 10:45:58,39,41,7080,15430
2023-03-30 10:46:08,39,41,6966,15544
2023-03-30 10:46:12,41,43,6966,15590
2023-03-30 10:46:19,40,43,6966,15590
2023-03-30 10:46:26,39,43,6966,15590
2023-03-30 10:46:26,40,43,6966,15590
2023-03-30 10:46:44,39,43,6966,15590
2023-03-30 10:47:14,41,43,6966,15590
2023-03-30 10:47:28,39,43,6966,15590
2023-03-30 10:47:28,41,43,6966,15590
2023-03-30 10:47:44,39,43,6966,15590
2023-03-30 10:47:44,42,43,6966,15590
2023-03-30 10:47:59,40,43,6966,15590
2023-03-30 10:47:59,41,43,6966,15590
2023-03-30 10:47:59,41,43,7046,15670
2023-03-30 10:48:16,40,43,7046,15670
2023-03-30 10:48:16,41,43,7046,15670
2023-03-30 10:48:31,39,43,7046,15670
2023-03-30 10:48:31,41,43,7046,15670
2023-03-30 10:48:31,39,41,7206,15830
2023-03-30 10:48:46,39,43,7206,15830
2023-03-30 10:48:46,40,43,7206,15830
2023-03-30 10:49:01,39,43,7206,15830
2023-03-30 10:49:01,41,43,7206,15830
2023-03-30 10:49:32,43,44,7286,15910
2023-03-30 10:49:34,43,46,7286,15910
2023-03-30 10:49:34,43,45,7286,15910
2023-03-30 10:49:47,41,45,7286,15910
2023-03-30 10:49:48,41,46,7286,15910
2023-03-30 10:49:48,42,46,7286,15910
2023-03-30 10:49:48,44,46,7286,15910
2023-03-30 10:49:54,42,44,7366,15990
2023-03-30 10:50:06,41,46,7366,15990
2023-03-30 10:50:07,42,46,7366,15990
2023-03-30 10:50:07,42,44,7366,15990
2023-03-30 10:50:20,42,46,7366,15990
2023-03-30 10:50:20,44,46,7366,15990
2023-03-30 10:50:36,44,47,7366,15990
2023-03-30 10:50:36,46,47,7366,15990
2023-03-30 10:50:49,44,46,7486,16110
2023-03-30 10:50:53,42,46,7486,16110
2023-03-30 10:50:53,43,46,7486,16110
2023-03-30 10:50:53,45,46,7486,16110
2023-03-30 10:51:03,43,45,7566,16190
2023-03-30 10:51:06,42,45,7566,16190
2023-03-30 10:51:06,43,45,7566,16190
2023-03-30 10:51:07,43,44,7566,16190
2023-03-30 10:51:15,43,44,7678,16302
2023-03-30 10:51:17,41,43,7726,16350
2023-03-30 10:51:23,40,43,7726,16350
2023-03-30 10:51:28,40,44,7726,16350
2023-03-30 10:51:41,40,43,7726,16350
2023-03-30 10:51:54,40,44,7726,16350
2023-03-30 10:51:54,40,43,7726,16350
2023-03-30 10:52:19,39,43,7726,16350
2023-03-30 10:52:25,39,40,7726,16350
2023-03-30 10:52:32,40,43,7726,16390
2023-03-30 10:52:40,39,43,7726,16390
2023-03-30 10:52:55,40,43,7726,16390
2023-03-30 10:53:09,39,43,7726,16390
2023-03-30 10:53:26,39,41,7726,16390
2023-03-30 10:53:31,40,41,7726,16390
2023-03-30 10:53:40,40,43,7726,16390
2023-03-30 10:53:40,40,41,7726,16390
2023-03-30 10:53:56,40,43,7726,16390
2023-03-30 10:53:56,40,41,7726,16390
2023-03-30 10:54:08,39,41,7726,16390
2023-03-30 10:54:12,39,43,7726,16390
2023-03-30 10:54:12,39,41,7726,16390
2023-03-30 10:54:16,39,40,7726,16390
2023-03-30 10:54:21,39,41,7726,16390
2023-03-30 10:54:57,39,43,7726,16390
2023-03-30 10:55:04,41,43,7726,16390
2023-03-30 10:55:12,39,43,7726,16390
2023-03-30 10:55:13,40,43,7726,16390
2023-03-30 10:55:28,39,43,7726,16390
2023-03-30 10:55:28,40,43,7726,16390
2023-03-30 10:55:44,39,43,7726,16390
2023-03-30 10:55:59,39,41,7726,16390
2023-03-30 10:56:15,39,43,7726,16390
2023-03-30 10:56:15,39,41,7726,16390
2023-03-30 10:56:30,39,44,7726,16390
2023-03-30 10:56:30,39,43,7726,16390
2023-03-30 10:56:41,41,43,7726,16390
2023-03-30 10:56:45,41,45,7726,16390
2023-03-30 10:56:45,41,44,7726,16390
2023-03-30 10:57:15,41,46,7726,16390
2023-03-30 10:57:15,42,46,7726,16390
2023-03-30 10:57:15,42,44,7726,16390
2023-03-30 10:57:46,41,44,7726,16390
2023-03-30 10:57:46,41,45,7726,16390
2023-03-30 10:57:46,41,44,7726,16390
2023-03-30 10:58:03,41,45,7726,16390
2023-03-30 10:58:03,41,44,7726,16390
2023-03-30 10:58:34,41,45,7726,16390
2023-03-30 10:58:34,41,44,7726,16390
2023-03-30 10:58:48,41,45,7726,16390
2023-03-30 10:58:48,41,44,7726,16390
2023-03-30 10:59:10,41,43,7726,16390
2023-03-30 10:59:14,41,44,7726,16390
2023-03-30 10:59:14,41,43,7726,16390
2023-03-30 10:59:36,43,44,7769,16513
2023-03-30 10:59:37,43,45,7769,16513
2023-03-30 10:59:37,43,44,7769,16513
2023-03-30 10:59:37,44,45,7812,16716
2023-03-30 10:59:37,44,45,7855,16759
2023-03-30 10:59:39,43,45,7855,16759
2023-03-30 10:59:39,46,47,7855,17159
2023-03-30 10:59:39,46,47,7905,17209
2023-03-30 10:59:39,46,47,7949,17253
2023-03-30 10:59:39,46,50,7949,17253
2023-03-30 10:59:39,46,49,7949,17253
2023-03-30 10:59:40,46,49,7999,17303
2023-03-30 10:59:42,44,49,7999,17303
2023-03-30 10:59:47,44,48,7999,17303
2023-03-30 10:59:48,44,47,7999,17303
2023-03-30 10:59:55,45,47,7999,17303
2023-03-30 11:00:11,44,47,7999,17303
2023-03-30 11:00:11,45,47,7999,17303
2023-03-30 11:00:26,44,47,7999,17303
2023-03-30 11:00:26,46,47,7999,17303
2023-03-30 11:00:31,46,48,7999,17303
2023-03-30 11:00:32,46,47,7999,17303
2023-03-30 11:00:41,45,47,7999,17303
2023-03-30 11:00:42,47,48,8031,17335
2023-03-30 11:00:42,47,48,8063,17367
2023-03-30 11:00:52,45,47,8199,17503
2023-03-30 11:00:56,46,47,8199,17503
2023-03-30 11:00:59,46,48,8199,17503
2023-03-30 11:01:12,46,50,8199,17503
2023-03-30 11:01:12,46,49,8199,17503
2023-03-30 11:01:12,47,49,8199,17503
2023-03-30 11:01:12,47,50,8199,17503
2023-03-30 11:01:12,47,49,8199,17503
2023-03-30 11:01:19,47,50,8199,17503
2023-03-30 11:01:21,47,49,8199,17503
2023-03-30 11:01:25,47,50,8199,17503
2023-03-30 11:01:26,46,50,8199,17503
2023-03-30 11:01:29,46,49,8199,17503
2023-03-30 11:01:37,45,49,8199,17503
2023-03-30 11:01:47,45,49,8201,17505
2023-03-30 11:01:47,44,49,8201,17505
2023-03-30 11:01:48,44,48,8201,17505
2023-03-30 11:01:48,44,47,8201,17505
2023-03-30 11:01:49,44,48,8201,17505
2023-03-30 11:02:12,45,48,8201,17505
2023-03-30 11:02:12,47,48,8201,17505
2023-03-30 11:02:17,47,49,8201,17505
2023-03-30 11:02:18,47,48,8201,17505
2023-03-30 11:02:27,47,49,8201,17505
2023-03-30 11:02:27,46,49,8201,17505
2023-03-30 11:02:27,46,50,8201,17505
2023-03-30 11:02:27,47,50,8201,17505
2023-03-30 11:02:29,47,49,8201,17505
2023-03-30 11:02:30,47,50,8201,17505
2023-03-30 11:02:42,46,50,8201,17505
2023-03-30 11:02:42,48,50,8201,17505
2023-03-30 11:02:44,48,49,8201,17505
2023-03-30 11:02:56,48,49,8233,17537
2023-03-30 11:02:58,46,49,8233,17537
2023-03-30 11:02:58,45,49,8233,17537
2023-03-30 11:02:58,46,49,8233,17537
2023-03-30 11:03:12,45,49,8233,17537
2023-03-30 11:03:12,47,49,8233,17537
2023-03-30 11:03:28,46,49,8233,17537
2023-03-30 11:03:28,46,50,8233,17537
2023-03-30 11:03:28,47,50,8233,17537
2023-03-30 11:03:28,47,49,8233,17537
2023-03-30 11:03:42,47,48,8233,17537
2023-03-30 11:03:43,47,48,8265,17569
2023-03-30 11:03:44,45,48,8265,17569
2023-03-30 11:03:44,46,48,8265,17569
2023-03-30 11:04:00,46,47,8265,17569
2023-03-30 11:04:30,44,47,8265,17569
2023-03-30 11:04:30,44,46,8265,17569
2023-03-30 11:04:46,42,46,8265,17569
2023-03-30 11:04:46,42,48,8265,17569
2023-03-30 11:04:46,43,48,8265,17569
2023-03-30 11:04:46,43,46,8265,17569
2023-03-30 11:04:49,43,46,8105,17729
2023-03-30 11:04:53,43,48,8025,17809
2023-03-30 11:04:53,43,47,8025,17809
2023-03-30 11:05:00,44,47,8025,17809
2023-03-30 11:05:00,44,46,8025,17809
2023-03-30 11:05:16,43,46,8025,17809
2023-03-30 11:05:16,42,46,8025,17809
2023-03-30 11:05:16,44,46,8025,17809
2023-03-30 11:05:31,44,48,8025,17809
2023-03-30 11:05:31,46,48,8025,17809
2023-03-30 11:05:47,44,48,8025,17809
2023-03-30 11:05:47,46,48,8025,17809
2023-03-30 11:06:05,44,48,8025,17809
2023-03-30 11:06:05,45,48,8025,17809
2023-03-30 11:06:12,45,47,8025,17809
2023-03-30 11:06:13,45,48,8025,17809
2023-03-30 11:06:14,45,47,8025,17809
2023-03-30 11:06:15,45,48,8025,17809
2023-03-30 11:06:18,44,48,8025,17809
2023-03-30 11:06:18,45,48,8025,17809
2023-03-30 11:06:20,45,47,8025,17809
2023-03-30 11:07:20,43,47,8025,17809
2023-03-30 11:07:20,45,47,8025,17809
2023-03-30 11:07:36,43,47,8025,17809
2023-03-30 11:07:36,45,47,8025,17809
2023-03-30 11:07:50,43,47,8025,17809
2023-03-30 11:07:51,45,47,8025,17809
2023-03-30 11:08:07,43,47,8025,17809
2023-03-30 11:08:07,45,47,8025,17809
2023-03-30 11:08:38,43,47,8025,17809
2023-03-30 11:08:38,43,48,8025,17809
2023-03-30 11:08:38,45,48,8025,17809
2023-03-30 11:08:38,45,47,8025,17809
2023-03-30 11:08:39,45,48,8025,17809
2023-03-30 11:08:40,45,47,8025,17809
2023-03-30 11:08:48,45,48,8025,17809
2023-03-30 11:08:48,45,46,8025,17809
2023-03-30 11:08:52,43,46,8025,17809
2023-03-30 11:08:52,44,46,8025,17809
2023-03-30 11:09:22,43,46,8025,17809
2023-03-30 11:09:22,44,46,8025,17809
2023-03-30 11:09:36,44,45,8025,17809
2023-03-30 11:09:37,42,45,8025,17809
2023-03-30 11:09:37,41,45,8025,17809
2023-03-30 11:09:37,43,45,8025,17809
2023-03-30 11:09:50,43,46,8025,17809
2023-03-30 11:09:52,42,46,8025,17809
2023-03-30 11:09:52,43,46,8025,17809
2023-03-30 11:09:52,43,45,8025,17809
2023-03-30 11:10:08,42,45,8025,17809
2023-03-30 11:10:08,42,46,8025,17809
2023-03-30 11:10:08,44,46,8025,17809
2023-03-30 11:10:22,44,45,8025,17809
2023-03-30 11:10:24,42,45,8025,17809
2023-03-30 11:10:24,43,45,8025,17809
2023-03-30 11:10:34,43,44,8025,17809
2023-03-30 11:10:39,41,44,8025,17809
2023-03-30 11:10:39,42,44,8025,17809
2023-03-30 11:10:55,41,44,8025,17809
2023-03-30 11:10:55,43,44,8025,17809
2023-03-30 11:11:26,42,44,8025,17809
2023-03-30 11:11:41,42,43,8025,17809
2023-03-30 11:11:57,42,44,8025,17809
2023-03-30 11:11:57,41,42,8025,18089
2023-03-30 11:11:57,40,42,8025,18089
2023-03-30 11:12:01,40,41,8025,18089
2023-03-30 11:12:02,39,40,7865,18289
2023-03-30 11:12:03,38,40,7865,18289
2023-03-30 11:12:07,36,40,7865,18289
2023-03-30 11:12:28,37,40,7865,18289
2023-03-30 11:12:38,37,42,7865,18289
2023-03-30 11:12:38,37,41,7865,18289
2023-03-30 11:12:38,37,42,7865,18289
2023-03-30 11:12:49,38,42,7865,18289
2023-03-30 11:12:50,37,42,7865,18289
2023-03-30 11:12:51,40,42,7865,18289
2023-03-30 11:12:51,40,43,7865,18289
2023-03-30 11:12:52,40,44,7865,18489
2023-03-30 11:12:52,37,44,7865,18489
2023-03-30 11:12:52,43,44,7865,18489
2023-03-30 11:12:54,43,44,7865,18689
2023-03-30 11:12:55,43,47,7865,18889
2023-03-30 11:12:55,43,46,7865,18889
2023-03-30 11:12:56,43,47,7865,18889
2023-03-30 11:12:56,44,47,7865,18889
2023-03-30 11:12:58,43,47,7865,18889
2023-03-30 11:12:58,43,48,7865,18889
2023-03-30 11:13:01,45,48,7865,18889
2023-03-30 11:13:02,45,49,7865,18889
2023-03-30 11:13:27,46,49,7865,18889
2023-03-30 11:13:34,46,50,8115,19139
2023-03-30 11:13:55,45,50,8115,19139
2023-03-30 11:13:55,48,50,8115,19139
2023-03-30 11:13:55,48,50,8115,19299
2023-03-30 11:14:10,48,52,8115,19299
2023-03-30 11:14:10,48,51,8115,19299
2023-03-30 11:14:11,50,51,8115,19299
2023-03-30 11:14:15,50,52,8115,19299
2023-03-30 11:14:15,50,51,8115,19299
2023-03-30 11:14:15,50,52,8115,19299
2023-03-30 11:14:24,50,53,8115,19299
2023-03-30 11:14:26,49,53,8115,19299
2023-03-30 11:14:26,51,53,8115,19299
2023-03-30 11:14:35,51,53,8115,19438
2023-03-30 11:14:37,51,52,8115,19438
2023-03-30 11:14:41,51,53,8115,19438
2023-03-30 11:14:42,49,53,8115,19438
2023-03-30 11:14:42,48,53,8115,19438
2023-03-30 11:14:42,50,53,8115,19438
2023-03-30 11:14:58,49,53,8115,19438
2023-03-30 11:14:58,50,53,8115,19438
2023-03-30 11:15:05,50,52,8115,19438
2023-03-30 11:15:13,49,52,8115,19438
2023-03-30 11:15:13,52,53,8141,19464
2023-03-30 11:15:14,52,54,8141,19464
2023-03-30 11:15:14,52,53,8141,19464
2023-03-30 11:15:16,52,54,8141,19464
2023-03-30 11:15:29,50,54,8141,19464
2023-03-30 11:15:29,50,55,8141,19464
2023-03-30 11:15:29,53,55,8141,19464
2023-03-30 11:15:29,53,54,8141,19464
2023-03-30 11:15:44,50,54,8141,19464
2023-03-30 11:15:45,52,54,8141,19464
2023-03-30 11:15:59,50,54,8141,19464
2023-03-30 11:15:59,51,54,8141,19464
2023-03-30 11:16:15,50,54,8141,19464
2023-03-30 11:16:15,52,54,8141,19464
2023-03-30 11:16:30,50,54,8141,19464
2023-03-30 11:16:30,51,54,8141,19464
2023-03-30 11:16:47,50,54,8141,19464
2023-03-30 11:16:47,52,54,8141,19464
2023-03-30 11:17:06,51,54,8141,19464
2023-03-30 11:17:06,52,54,8141,19464
2023-03-30 11:17:12,52,55,8141,19464
2023-03-30 11:17:20,53,55,8141,19464
2023-03-30 11:17:20,53,54,8141,19464
2023-03-30 11:17:34,52,54,8141,19464
2023-03-30 11:17:50,50,54,8141,19464
2023-03-30 11:17:50,50,53,8141,19464
2023-03-30 11:17:56,50,52,8141,19464
2023-03-30 11:17:56,49,52,8141,19464
2023-03-30 11:18:03,50,52,8141,19464
2023-03-30 11:18:05,50,53,8141,19464
2023-03-30 11:18:05,50,55,8141,19464
2023-03-30 11:18:05,50,54,8141,19464
2023-03-30 11:18:05,50,55,8141,19464
2023-03-30 11:18:15,50,54,8141,19464
2023-03-30 11:18:18,50,55,8141,19464
2023-03-30 11:18:19,50,54,8141,19464
2023-03-30 11:18:19,50,53,8141,19464
2023-03-30 11:18:52,49,53,8141,19464
2023-03-30 11:19:08,49,52,8141,19464
2023-03-30 11:19:13,49,51,8141,19464
2023-03-30 11:19:14,48,51,8141,19464
2023-03-30 11:19:21,48,50,8141,19464
2023-03-30 11:19:24,47,50,8141,19464
2023-03-30 11:19:25,49,50,8141,19464
2023-03-30 11:19:28,49,50,8180,19503
2023-03-30 11:19:32,47,49,8180,19504
2023-03-30 11:19:36,47,48,8180,19504
2023-03-30 11:19:37,47,49,8180,19504
2023-03-30 11:19:46,47,48,8180,19504
2023-03-30 11:20:12,47,48,8170,19514
2023-03-30 11:20:17,45,46,8020,19664
2023-03-30 11:20:17,45,46,8020,19670
2023-03-30 11:20:32,43,46,8020,19670
2023-03-30 11:20:32,43,48,8020,19670
2023-03-30 11:20:32,43,49,8020,19670
2023-03-30 11:20:32,43,45,8020,19670
2023-03-30 11:20:48,43,47,8020,19670
2023-03-30 11:20:48,43,49,8020,19670
2023-03-30 11:20:48,43,46,8020,19670
2023-03-30 11:21:04,43,48,8020,19670
2023-03-30 11:21:04,44,48,8020,19670
2023-03-30 11:21:04,44,46,8020,19670
2023-03-30 11:21:36,44,45,8020,19670
2023-03-30 11:22:02,42,45,8020,19670
2023-03-30 11:22:02,42,46,8020,19670
2023-03-30 11:22:10,43,46,8020,19670
2023-03-30 11:22:15,43,49,8020,19670
2023-03-30 11:22:15,43,48,8020,19670
2023-03-30 11:22:16,43,47,8020,19670
2023-03-30 11:22:16,43,46,8020,19670
2023-03-30 11:22:48,43,45,8020,19670
2023-03-30 11:23:05,43,47,8020,19670
2023-03-30 11:23:05,43,46,8020,19670
2023-03-30 11:23:05,43,45,8020,19670
2023-03-30 11:23:11,44,45,8020,19670
2023-03-30 11:23:19,44,47,8020,19670
2023-03-30 11:23:19,44,46,8020,19670
2023-03-30 11:23:35,44,48,8020,19670
2023-03-30 11:23:35,45,48,8020,19670
2023-03-30 11:23:35,45,47,8020,19670
2023-03-30 11:23:50,44,47,8020,19670
2023-03-30 11:23:50,44,48,8020,19670
2023-03-30 11:23:50,44,47,8020,19670
2023-03-30 11:24:20,44,48,8020,19670
2023-03-30 11:24:20,44,46,8020,19670
2023-03-30 11:24:36,44,48,8020,19670
2023-03-30 11:24:36,44,47,8020,19670
2023-03-30 11:24:51,45,47,8020,19670
2023-03-30 11:25:06,46,47,8020,19670
2023-03-30 11:25:07,46,49,8020,19670
2023-03-30 11:25:07,46,48,8020,19670
2023-03-30 11:25:16,47,48,8020,19670
2023-03-30 11:25:22,47,49,8020,19670
2023-03-30 11:25:22,47,48,8020,19670
2023-03-30 11:25:22,47,49,8020,19670
2023-03-30 11:26:17,47,50,8020,19670
2023-03-30 11:26:39,48,50,8020,19670
2023-03-30 11:26:55,47,50,8020,19670
2023-03-30 11:26:55,47,51,8020,19670
2023-03-30 11:26:55,47,50,8020,19670
2023-03-30 11:26:55,48,50,8020,19670
2023-03-30 11:26:55,48,51,8020,19670
2023-03-30 11:27:10,48,52,8020,19670
2023-03-30 11:27:10,48,51,8020,19670
2023-03-30 11:27:56,49,51,8020,19670
2023-03-30 11:28:11,48,51,8020,19670
2023-03-30 11:28:11,48,52,8020,19670
2023-03-30 11:28:11,49,52,8020,19670
2023-03-30 11:28:11,49,51,8020,19670
2023-03-30 11:28:26,48,51,8020,19670
2023-03-30 11:28:26,49,51,8020,19670
2023-03-30 11:28:42,48,51,8020,19670
2023-03-30 11:28:42,48,52,8020,19670
2023-03-30 11:28:42,48,51,8020,19670
2023-03-30 11:28:58,48,50,8020,19670
2023-03-30 11:29:28,48,51,8020,19670
2023-03-30 11:29:28,48,50,8020,19670
2023-03-30 11:29:28,48,51,8020,19670
2023-03-30 11:29:44,49,51,8020,19670
2023-03-30 11:30:00,48,51,8020,19670
2023-03-30 11:30:00,48,50,8020,19670
2023-03-30 11:30:17,48,52,8020,19670
2023-03-30 11:30:17,50,52,8020,19670
2023-03-30 11:30:31,49,52,8020,19670
2023-03-30 11:30:31,50,52,8020,19670
2023-03-30 11:30:45,49,52,8020,19670
2023-03-30 11:30:45,49,53,8020,19670
2023-03-30 11:30:45,51,53,8020,19670
2023-03-30 11:31:01,50,53,8020,19670
2023-03-30 11:31:01,52,53,8020,19670
2023-03-30 11:31:14,52,54,8020,19670
2023-03-30 11:31:16,52,55,8020,19670
2023-03-30 11:31:16,54,55,8020,19670
2023-03-30 11:31:16,54,55,8062,19712
2023-03-30 11:31:32,52,55,8062,19712
2023-03-30 11:31:32,53,55,8062,19712
2023-03-30 11:31:47,51,55,8062,19712
2023-03-30 11:31:47,52,55,8062,19712
2023-03-30 11:32:14,53,55,8062,19712
2023-03-30 11:32:19,54,55,8062,19712
2023-03-30 11:32:23,55,57,8062,19714
2023-03-30 11:32:34,55,58,8062,19714
2023-03-30 11:32:34,56,58,8062,19714
2023-03-30 11:32:49,56,57,8062,19714
2023-03-30 11:32:50,55,57,8062,19714
2023-03-30 11:32:50,56,57,8062,19714
2023-03-30 11:33:03,54,57,8222,19874
2023-03-30 11:33:03,54,57,8264,19916
2023-03-30 11:33:04,53,57,8264,19916
2023-03-30 11:33:04,54,57,8264,19916
2023-03-30 11:33:20,53,57,8264,19916
2023-03-30 11:33:20,53,56,8264,19916
2023-03-30 11:33:26,53,56,8264,20016
2023-03-30 11:33:38,53,58,8264,20016
2023-03-30 11:33:38,54,58,8264,20016
2023-03-30 11:33:38,54,57,8264,20016
2023-03-30 11:33:56,53,57,8264,20016
2023-03-30 11:34:20,54,57,8264,20016
2023-03-30 11:34:26,54,58,8264,20016
2023-03-30 11:34:42,55,58,8264,20016
2023-03-30 11:34:42,55,57,8264,20016
2023-03-30 11:34:58,54,57,8264,20016
2023-03-30 11:35:12,54,56,8264,20016
2023-03-30 11:35:14,52,56,8264,20016
2023-03-30 11:35:14,53,56,8264,20016
2023-03-30 11:35:29,52,56,8264,20016
2023-03-30 11:35:29,53,56,8264,20016
2023-03-30 11:35:29,53,55,8264,20016
2023-03-30 11:36:13,53,56,8264,20016
2023-03-30 11:36:14,53,55,8264,20016
2023-03-30 11:36:29,52,55,8264,20016
2023-03-30 11:36:29,52,56,8264,20016
2023-03-30 11:36:29,53,56,8264,20016
2023-03-30 11:36:44,52,56,8264,20016
2023-03-30 11:36:44,52,57,8264,20016
2023-03-30 11:36:44,53,57,8264,20016
2023-03-30 11:36:44,53,56,8264,20016
2023-03-30 11:36:57,53,55,8264,20016
2023-03-30 11:37:01,52,55,8264,20016
2023-03-30 11:37:30,53,55,8264,20016
2023-03-30 11:37:53,54,55,8264,20016
2023-03-30 11:38:04,54,57,8264,20016
2023-03-30 11:38:04,54,56,8264,20016
2023-03-30 11:38:18,54,57,8264,20016
2023-03-30 11:38:18,54,56,8264,20016
2023-03-30 11:38:47,54,58,8264,20016
2023-03-30 11:38:47,54,57,8264,20016
2023-03-30 11:38:55,55,57,8264,20016
2023-03-30 11:39:18,55,59,8264,20016
2023-03-30 11:39:18,56,59,8264,20016
2023-03-30 11:39:18,56,58,8264,20016
2023-03-30 11:39:37,55,58,8264,20016
2023-03-30 11:39:42,55,57,8264,20016
2023-03-30 11:39:48,55,56,8264,20016
2023-03-30 11:39:51,54,56,8264,20016
2023-03-30 11:40:15,53,56,8264,20016
2023-03-30 11:40:18,53,55,8264,20016
2023-03-30 11:40:22,52,55,8264,20016
2023-03-30 11:40:23,53,55,8264,20016
2023-03-30 11:40:38,52,55,8264,20016
2023-03-30 11:40:38,52,54,8264,20016
2023-03-30 11:40:45,53,54,8264,20016
2023-03-30 11:40:52,53,56,8264,20016
2023-03-30 11:40:52,53,55,8264,20016
2023-03-30 11:40:52,53,56,8264,20016
2023-03-30 11:40:52,53,55,8264,20016
2023-03-30 11:41:09,54,55,8264,20016
2023-03-30 11:41:09,54,56,8264,20016
2023-03-30 11:41:23,54,57,8264,20016
2023-03-30 11:41:23,54,56,8264,20016
2023-03-30 11:41:38,53,56,8264,20016
2023-03-30 11:41:43,53,55,8264,20016
2023-03-30 11:42:10,53,54,8264,20016
2023-03-30 11:42:25,53,55,8264,20016
2023-03-30 11:42:25,53,54,8264,20016
2023-03-30 11:42:37,53,54,8264,20026
2023-03-30 11:42:40,53,55,8264,20026
2023-03-30 11:42:55,53,56,8264,20026
2023-03-30 11:42:56,53,55,8264,20026
2023-03-30 11:43:07,53,55,8264,20031
2023-03-30 11:43:19,53,54,8264,20031
2023-03-30 11:43:25,52,54,8264,20031
2023-03-30 11:43:26,52,53,8264,20031
2023-03-30 11:43:26,51,53,8264,20031
2023-03-30 11:43:27,51,54,8264,20031
2023-03-30 11:43:40,51,52,8264,20031
2023-03-30 11:43:40,50,51,8424,20191
2023-03-30 11:43:45,50,52,8424,20191
2023-03-30 11:43:47,50,51,8424,20191
2023-03-30 11:43:58,49,51,8424,20191
2023-03-30 11:43:58,49,50,8424,20191
2023-03-30 11:44:12,49,51,8424,20191
2023-03-30 11:44:12,49,50,8424,20191
2023-03-30 11:44:28,49,52,8424,20191
2023-03-30 11:44:28,49,51,8424,20191
2023-03-30 11:44:45,49,52,8424,20191
2023-03-30 11:44:45,49,51,8424,20191
2023-03-30 11:44:59,49,52,8424,20191
2023-03-30 11:44:59,49,51,8424,20191
2023-03-30 11:44:59,49,50,8424,20191
2023-03-30 11:45:03,50,51,8424,20231
2023-03-30 11:45:04,49,51,8424,20231
2023-03-30 11:45:04,49,50,8424,20231
2023-03-30 11:45:04,49,51,8424,20231
2023-03-30 11:45:16,49,54,8424,20231
2023-03-30 11:45:16,50,54,8424,20231
2023-03-30 11:45:16,50,53,8424,20231
2023-03-30 11:45:27,51,53,8424,20231
2023-03-30 11:45:47,50,53,8424,20231
2023-03-30 11:45:47,50,54,8424,20231
2023-03-30 11:45:47,50,53,8424,20231
2023-03-30 11:45:52,52,53,8424,20231
2023-03-30 11:46:03,52,56,8424,20231
2023-03-30 11:46:03,52,55,8424,20231
2023-03-30 11:46:03,52,54,8424,20231
2023-03-30 11:46:16,52,57,8424,20231
2023-03-30 11:46:16,52,56,8424,20231
2023-03-30 11:46:16,53,56,8424,20231
2023-03-30 11:46:32,52,56,8424,20231
2023-03-30 11:46:32,53,56,8424,20231
2023-03-30 11:46:32,53,55,8424,20231
2023-03-30 11:46:48,52,55,8424,20231
2023-03-30 11:46:48,52,56,8424,20231
2023-03-30 11:46:48,52,55,8424,20231
2023-03-30 11:46:48,52,54,8424,20231
2023-03-30 11:47:04,52,56,8424,20231
2023-03-30 11:47:04,52,57,8424,20231
2023-03-30 11:47:04,52,55,8424,20231
2023-03-30 11:47:04,53,55,8424,20231
2023-03-30 11:47:09,54,55,8424,20231
2023-03-30 11:47:17,54,57,8424,20231
2023-03-30 11:47:17,54,58,8424,20231
2023-03-30 11:47:17,54,56,8424,20231
2023-03-30 11:47:17,54,57,8424,20231
2023-03-30 11:47:18,54,56,8424,20231
2023-03-30 11:47:26,57,58,8464,20471
2023-03-30 11:47:26,57,58,8504,20511
2023-03-30 11:47:26,57,58,8544,20551
2023-03-30 11:47:26,57,59,8544,20551
2023-03-30 11:47:26,57,58,8544,20551
2023-03-30 11:47:27,57,58,8584,20591
2023-03-30 11:47:29,57,62,8584,20591
2023-03-30 11:47:29,57,61,8584,20591
2023-03-30 11:47:34,57,62,8584,20591
2023-03-30 11:47:34,56,62,8584,20591
2023-03-30 11:47:34,60,62,8584,20591
2023-03-30 11:47:37,60,63,8584,20591
2023-03-30 11:47:37,60,62,8584,20591
2023-03-30 11:47:38,59,62,8584,20591
2023-03-30 11:48:03,59,63,8584,20591
2023-03-30 11:48:24,59,63,8584,20591
2023-03-30 11:48:24,60,63,8584,20591
2023-03-30 11:48:30,59,63,8584,20591
2023-03-30 11:48:31,59,62,8584,20591
2023-03-30 11:48:40,60,62,8584,20591
2023-03-30 11:48:54,59,62,8584,20591
2023-03-30 11:48:54,61,62,8584,20591
2023-03-30 11:49:09,60,62,8584,20591
2023-03-30 11:49:09,60,63,8624,20631
2023-03-30 11:49:09,61,63,8624,20631
2023-03-30 11:49:13,62,63,8624,20631
2023-03-30 11:49:20,62,63,8624,20633
2023-03-30 11:49:40,62,63,8784,20793
2023-03-30 11:50:21,61,63,8784,20793
2023-03-30 11:50:27,60,63,8784,20793
2023-03-30 11:50:27,61,63,8784,20793
2023-03-30 11:50:31,61,62,8784,20793
2023-03-30 11:50:41,60,62,8784,20793
2023-03-30 11:50:49,60,63,8784,20793
2023-03-30 11:50:58,61,63,8784,20793
2023-03-30 11:51:14,60,63,8784,20793
2023-03-30 11:51:29,60,62,8784,20793
2023-03-30 11:51:45,58,62,8784,20793
2023-03-30 11:51:45,59,62,8784,20793
2023-03-30 11:51:45,59,61,8784,20793
2023-03-30 11:51:59,58,61,8784,20793
2023-03-30 11:51:59,59,61,8784,20793
2023-03-30 11:51:59,59,62,8784,20793
2023-03-30 11:51:59,59,61,8784,20793
2023-03-30 11:52:09,60,61,8784,20793
2023-03-30 11:52:15,60,63,8784,20793
2023-03-30 11:52:15,61,63,8784,20793
2023-03-30 11:52:30,60,63,8784,20793
2023-03-30 11:52:31,61,63,8784,20793
2023-03-30 11:53:02,60,63,8784,20793
2023-03-30 11:53:02,61,63,8784,20793
2023-03-30 11:53:16,60,63,8784,20793
2023-03-30 11:53:31,61,63,8784,20793
2023-03-30 11:54:02,60,63,8784,20793
2023-03-30 11:54:03,60,62,8784,20793
2023-03-30 11:54:18,60,63,8784,20793
2023-03-30 11:54:18,61,63,8784,20793
2023-03-30 11:54:34,60,63,8784,20793
2023-03-30 11:54:34,61,63,8784,20793
2023-03-30 11:54:50,61,62,8784,20793
2023-03-30 11:55:05,59,62,8784,20793
2023-03-30 11:55:05,59,63,8784,20793
2023-03-30 11:55:05,60,63,8784,20793
2023-03-30 11:55:05,60,62,8784,20793
2023-03-30 11:55:18,60,61,8784,20793
2023-03-30 11:55:20,57,61,8784,20793
2023-03-30 11:55:20,59,61,8784,20793
2023-03-30 11:55:21,59,60,8784,20793
2023-03-30 11:55:27,56,60,8864,20873
2023-03-30 11:55:28,56,59,8864,20873
2023-03-30 11:55:34,56,60,8864,20873
2023-03-30 11:55:34,56,59,8864,20873
2023-03-30 11:55:35,56,60,8864,20873
2023-03-30 11:55:36,55,60,8864,20873
2023-03-30 11:55:36,56,60,8864,20873
2023-03-30 11:55:36,56,59,8864,20873
2023-03-30 11:55:36,56,58,8864,20873
2023-03-30 11:55:41,56,59,8864,20873
2023-03-30 11:55:52,55,59,8864,20873
2023-03-30 11:55:52,56,59,8864,20873
2023-03-30 11:55:52,56,58,8864,20873
2023-03-30 11:56:07,55,58,8864,20873
2023-03-30 11:56:08,55,57,8864,20873
2023-03-30 11:56:12,55,58,8864,20873
2023-03-30 11:56:21,55,57,8864,20873
2023-03-30 11:56:52,55,59,8864,20873
2023-03-30 11:56:52,55,58,8864,20873
2023-03-30 11:56:56,56,58,8864,20873
2023-03-30 11:57:34,56,57,8864,20873
2023-03-30 11:57:55,55,57,8864,20873
2023-03-30 11:58:10,55,58,8864,20873
2023-03-30 11:58:10,55,57,8864,20873
2023-03-30 11:58:26,55,58,8864,20873
2023-03-30 11:58:26,55,57,8864,20873
2023-03-30 11:58:44,56,57,8864,20873
2023-03-30 11:58:57,56,58,8864,20873
2023-03-30 11:59:12,56,59,8864,20873
2023-03-30 11:59:12,56,58,8864,20873
2023-03-30 11:59:21,57,58,8864,20873
2023-03-30 11:59:27,57,60,8864,20873
2023-03-30 11:59:42,57,59,8864,20873
2023-03-30 11:59:57,59,60,8897,20906
2023-03-30 12:00:27,57,60,8897,20906
2023-03-30 12:00:38,58,60,8897,20906
2023-03-30 12:00:38,58,61,8897,20906
2023-03-30 12:00:38,58,60,8897,20906
2023-03-30 12:00:43,58,63,8897,20906
2023-03-30 12:00:43,60,63,8897,20906
2023-03-30 12:00:43,60,62,8897,20906
2023-03-30 12:00:58,62,63,8930,20939
2023-03-30 12:01:02,62,65,8930,20939
2023-03-30 12:01:02,62,64,8930,20939
2023-03-30 12:01:11,62,65,8930,20939
2023-03-30 12:01:21,62,66,8930,20939
2023-03-30 12:01:21,62,65,8930,20939
2023-03-30 12:01:29,63,65,8930,20939
2023-03-30 12:01:45,62,65,8930,20939
2023-03-30 12:01:51,62,66,8930,20939
2023-03-30 12:02:00,62,65,8930,20939
2023-03-30 12:02:04,61,65,8930,20939
2023-03-30 12:02:06,63,65,8930,20939
2023-03-30 12:02:08,63,64,8930,20939
2023-03-30 12:02:14,63,64,8963,20972
2023-03-30 12:02:29,61,63,8963,21059
2023-03-30 12:02:36,61,64,8963,21059
2023-03-30 12:02:40,61,63,8963,21059
2023-03-30 12:02:48,61,64,8963,21059
2023-03-30 12:02:48,61,63,8963,21059
2023-03-30 12:02:50,61,64,8963,21059
2023-03-30 12:02:52,60,64,8963,21059
2023-03-30 12:02:52,60,65,8963,21059
2023-03-30 12:02:52,60,64,8963,21059
2023-03-30 12:02:52,60,65,8963,21059
2023-03-30 12:02:52,61,65,8963,21059
2023-03-30 12:02:52,61,63,8963,21059
2023-03-30 12:03:07,60,63,8963,21059
2023-03-30 12:03:07,60,65,8963,21059
2023-03-30 12:03:07,61,65,8963,21059
2023-03-30 12:03:07,61,64,8963,21059
2023-03-30 12:03:09,61,63,8963,21059
2023-03-30 12:03:12,62,63,8963,21059
2023-03-30 12:03:16,61,63,8963,21059
2023-03-30 12:03:16,61,64,8963,21059
2023-03-30 12:03:16,61,63,8963,21059
2023-03-30 12:03:38,60,63,8963,21059
2023-03-30 12:03:38,60,62,8963,21059
2023-03-30 12:03:38,60,61,8963,21059
2023-03-30 12:04:09,60,62,8963,21059
2023-03-30 12:04:09,60,61,8963,21059
2023-03-30 12:04:09,60,61,8963,21095
2023-03-30 12:04:09,60,61,8963,21131
2023-03-30 12:04:11,59,61,8963,21131
2023-03-30 12:04:11,59,60,8963,21131
2023-03-30 12:04:19,59,61,8963,21131
2023-03-30 12:04:40,59,62,8963,21131
2023-03-30 12:04:41,59,61,8963,21131
2023-03-30 12:05:12,58,61,8963,21131
2023-03-30 12:05:12,58,60,8963,21131
2023-03-30 12:05:15,58,61,8963,21131
2023-03-30 12:05:29,59,60,8963,21131
2023-03-30 12:05:38,59,61,8963,21131
2023-03-30 12:05:44,59,62,8963,21131
2023-03-30 12:05:44,59,63,8963,21131
2023-03-30 12:05:44,59,61,8963,21131
2023-03-30 12:05:44,60,61,8963,21131
2023-03-30 12:05:44,60,62,8963,21131
2023-03-30 12:05:44,60,63,8963,21131
2023-03-30 12:06:00,60,62,8963,21131
2023-03-30 12:06:14,61,62,8963,21131
2023-03-30 12:06:30,61,63,8963,21131
2023-03-30 12:06:30,61,62,8963,21131
2023-03-30 12:06:30,61,63,8963,21131
2023-03-30 12:06:44,59,63,8963,21131
2023-03-30 12:06:44,60,63,8963,21131
2023-03-30 12:06:44,60,62,8963,21131
2023-03-30 12:07:00,59,62,8963,21131
2023-03-30 12:07:01,59,64,8963,21131
2023-03-30 12:07:01,61,64,8963,21131
2023-03-30 12:07:01,61,63,8963,21131
2023-03-30 12:07:15,61,64,8963,21131
2023-03-30 12:07:15,61,63,8963,21131
2023-03-30 12:07:15,61,64,8963,21131
2023-03-30 12:07:32,61,63,8963,21131
2023-03-30 12:07:38,61,62,8963,21131
2023-03-30 12:07:46,61,62,8998,21166
2023-03-30 12:08:15,59,62,8998,21166
2023-03-30 12:08:15,59,61,8998,21166
2023-03-30 12:08:32,59,62,8998,21166
2023-03-30 12:08:33,59,61,8998,21166
2023-03-30 12:08:37,59,60,8998,21166
2023-03-30 12:08:47,59,60,8878,21286
2023-03-30 12:09:04,56,59,8838,21326
2023-03-30 12:09:18,55,59,8838,21326
2023-03-30 12:09:18,56,59,8838,21326
2023-03-30 12:09:28,56,58,8838,21326
2023-03-30 12:09:51,56,57,8838,21326
2023-03-30 12:10:23,55,57,8838,21326
2023-03-30 12:10:23,54,57,8838,21326
2023-03-30 12:10:23,54,60,8838,21326
2023-03-30 12:10:23,56,60,8838,21326
2023-03-30 12:10:23,56,59,8838,21326
2023-03-30 12:10:42,56,58,8838,21326
2023-03-30 12:10:45,56,59,8838,21326
2023-03-30 12:10:45,56,58,8838,21326
2023-03-30 12:10:47,56,59,8838,21326
2023-03-30 12:10:53,57,59,8838,21326
2023-03-30 12:11:08,57,60,8838,21326
2023-03-30 12:11:08,57,59,8838,21326
2023-03-30 12:11:08,57,60,8838,21326
2023-03-30 12:11:10,57,59,8838,21326
2023-03-30 12:11:24,56,59,8838,21326
2023-03-30 12:11:44,56,58,8838,21326
2023-03-30 12:11:44,56,57,8838,21326
2023-03-30 12:11:47,55,56,9158,21646
2023-03-30 12:11:51,55,58,9158,21646
2023-03-30 12:11:52,55,57,9158,21646
2023-03-30 12:11:54,56,57,9158,21646
2023-03-30 12:11:56,56,58,9158,21646
2023-03-30 12:12:10,54,58,9158,21646
2023-03-30 12:12:10,54,57,9158,21646
2023-03-30 12:12:10,54,55,9158,21646
2023-03-30 12:12:19,54,57,9078,21726
2023-03-30 12:13:13,54,59,9078,21726
2023-03-30 12:13:13,54,58,9078,21726
2023-03-30 12:13:14,54,59,9078,21726
2023-03-30 12:13:14,56,59,9078,21726
2023-03-30 12:13:14,56,58,9078,21726
2023-03-30 12:13:18,56,57,9078,21726
2023-03-30 12:13:58,56,58,9078,21726
2023-03-30 12:14:13,56,60,9078,21726
2023-03-30 12:14:13,57,60,9078,21726
2023-03-30 12:14:29,57,59,9078,21726
2023-03-30 12:14:54,57,60,9078,21726
2023-03-30 12:15:04,57,60,9078,21726
2023-03-30 12:15:04,58,60,9078,21726
2023-03-30 12:15:10,60,61,9238,21886
2023-03-30 12:15:25,60,61,9136,21988
2023-03-30 12:15:25,60,63,9038,22086
2023-03-30 12:15:25,60,62,9038,22086
2023-03-30 12:15:28,61,62,9038,22086
2023-03-30 12:16:00,61,63,9038,22086
2023-03-30 12:16:00,60,63,9038,22086
2023-03-30 12:16:00,60,65,9038,22086
2023-03-30 12:16:00,61,65,9038,22086
2023-03-30 12:16:00,61,64,9038,22086
2023-03-30 12:16:06,61,65,9038,22086
2023-03-30 12:16:07,62,65,9038,22086
2023-03-30 12:16:14,64,65,9038,22086
2023-03-30 12:16:46,62,65,9038,22086
2023-03-30 12:16:46,63,65,9038,22086
2023-03-30 12:17:00,62,65,9038,22086
2023-03-30 12:17:00,63,65,9038,22086
2023-03-30 12:17:16,64,65,9038,22086
2023-03-30 12:17:17,63,64,9078,22126
2023-03-30 12:17:19,63,65,9110,22158
2023-03-30 12:17:27,63,64,9110,22158
2023-03-30 12:17:32,63,65,9110,22158
2023-03-30 12:17:48,62,64,9110,22158
2023-03-30 12:17:48,60,64,9110,22158
2023-03-30 12:17:48,62,64,9110,22158
2023-03-30 12:18:04,61,64,9110,22158
2023-03-30 12:18:04,61,65,9110,22158
2023-03-30 12:18:04,63,65,9110,22158
2023-03-30 12:18:04,63,64,9110,22158
2023-03-30 12:18:14,63,65,9110,22158
2023-03-30 12:18:30,63,65,9110,22158
2023-03-30 12:18:33,63,64,9144,22192
2023-03-30 12:18:33,63,64,9178,22226
2023-03-30 12:18:40,63,64,9212,22260
2023-03-30 12:18:40,63,65,9212,22260
2023-03-30 12:18:45,63,65,9212,22260
2023-03-30 12:18:50,63,64,9212,22260
2023-03-30 12:19:06,62,64,9212,22260
2023-03-30 12:19:06,62,65,9212,22260
2023-03-30 12:19:06,63,65,9212,22260
2023-03-30 12:19:06,63,64,9212,22260
2023-03-30 12:19:06,63,65,9212,22260
2023-03-30 12:19:10,64,65,9212,22260
2023-03-30 12:19:54,64,65,9355,22403
2023-03-30 12:19:54,63,64,9355,22500
2023-03-30 12:20:00,63,65,9355,22500
2023-03-30 12:20:05,63,64,9355,22500
2023-03-30 12:20:06,60,64,9355,22500
2023-03-30 12:20:06,60,63,9355,22500
2023-03-30 12:20:06,60,62,9355,22500
2023-03-30 12:20:37,60,63,9355,22533
2023-03-30 12:20:37,60,62,9355,22533
2023-03-30 12:20:37,60,63,9355,22533
2023-03-30 12:20:38,62,63,9355,22533
2023-03-30 12:21:07,62,64,9355,22533
2023-03-30 12:21:07,62,65,9355,22533
2023-03-30 12:21:07,62,64,9355,22533
2023-03-30 12:21:22,63,64,9355,22533
2023-03-30 12:21:26,63,64,9242,22646
2023-03-30 12:21:38,63,65,9242,22646
2023-03-30 12:21:38,64,65,9242,22646
2023-03-30 12:21:52,63,65,9242,22646
2023-03-30 12:21:52,64,65,9242,22646
2023-03-30 12:22:40,63,65,9242,22646
2023-03-30 12:22:40,64,65,9242,22646
2023-03-30 12:23:09,64,65,9282,22686
2023-03-30 12:23:30,64,65,9396,22800
2023-03-30 12:23:42,62,65,9396,22800
2023-03-30 12:23:42,62,63,9396,22800
2023-03-30 12:24:12,62,63,9396,22880
2023-03-30 12:24:12,62,63,9426,22910
2023-03-30 12:24:28,62,63,9426,22990
2023-03-30 12:24:28,62,63,9459,23023
2023-03-30 12:24:32,63,64,9299,23183
2023-03-30 12:24:33,62,64,9299,23183
2023-03-30 12:24:33,62,64,9299,23183
2023-03-30 12:24:33,62,63,9299,23183
2023-03-30 12:24:34,62,65,9299,23183
2023-03-30 12:24:34,64,65,9299,23183
2023-03-30 12:25:23,64,66,9299,23183
2023-03-30 12:25:26,63,66,9299,23183
2023-03-30 12:25:26,62,66,9299,23183
2023-03-30 12:25:38,64,66,9299,23183
2023-03-30 12:25:42,64,65,9299,23183
2023-03-30 12:25:42,64,65,9334,23218
2023-03-30 12:25:43,62,64,9334,23263
2023-03-30 12:25:52,62,65,9334,23263
2023-03-30 12:25:52,62,64,9334,23263
2023-03-30 12:26:23,60,64,9334,23263
2023-03-30 12:26:23,61,64,9334,23263
2023-03-30 12:26:23,61,63,9334,23263
2023-03-30 12:26:40,60,63,9334,23263
2023-03-30 12:26:40,60,65,9334,23263
2023-03-30 12:26:40,61,65,9334,23263
2023-03-30 12:26:40,63,65,9334,23263
2023-03-30 12:26:40,63,64,9334,23263
2023-03-30 12:26:40,63,65,9334,23263
2023-03-30 12:27:12,61,65,9334,23263
2023-03-30 12:27:12,63,65,9334,23263
2023-03-30 12:27:27,62,65,9334,23263
2023-03-30 12:27:27,64,65,9334,23263
2023-03-30 12:27:42,62,65,9334,23263
2023-03-30 12:27:42,63,65,9334,23263
2023-03-30 12:28:29,62,65,9334,23263
2023-03-30 12:28:29,63,65,9334,23263
2023-03-30 12:28:31,64,65,9334,23263
2023-03-30 12:30:36,64,66,9334,23263
2023-03-30 12:30:49,65,66,9334,23263
2023-03-30 12:31:03,65,66,9487,23416
2023-03-30 12:31:03,66,67,9487,23431
2023-03-30 12:31:04,65,67,9487,23431
2023-03-30 12:31:05,65,69,9487,23431
2023-03-30 12:31:05,65,67,9487,23431
2023-03-30 12:31:21,65,69,9487,23431
2023-03-30 12:31:21,67,69,9487,23431
2023-03-30 12:31:36,65,69,9487,23431
2023-03-30 12:31:36,67,69,9487,23431
2023-03-30 12:31:51,65,69,9487,23431
2023-03-30 12:31:51,66,69,9487,23431
2023-03-30 12:31:51,68,69,9487,23431
2023-03-30 12:31:52,66,68,9687,23631
2023-03-30 12:31:57,66,68,9722,23666
2023-03-30 12:31:57,66,68,9757,23701
2023-03-30 12:32:02,66,69,9757,23701
2023-03-30 12:32:06,66,68,9757,23701
2023-03-30 12:32:22,66,67,9757,23701
2023-03-30 12:32:24,66,67,9792,23736
2023-03-30 12:32:28,65,67,9792,23736
2023-03-30 12:32:39,65,69,9792,23771
2023-03-30 12:32:39,65,68,9792,23771
2023-03-30 12:32:41,65,69,9792,23771
2023-03-30 12:32:44,65,72,9792,23771
2023-03-30 12:32:44,65,71,9792,23771
2023-03-30 12:32:44,65,69,9792,23771
2023-03-30 12:33:07,67,69,9792,23771
2023-03-30 12:33:22,67,71,9792,23771
2023-03-30 12:33:22,67,70,9792,23771
2023-03-30 12:33:22,67,68,9792,23771
2023-03-30 12:33:37,67,71,9792,23771
2023-03-30 12:33:37,67,70,9792,23771
2023-03-30 12:33:37,67,70,9792,23806
2023-03-30 12:33:37,67,71,9792,23806
2023-03-30 12:33:38,67,70,9792,23806
2023-03-30 12:33:45,66,70,9792,23806
2023-03-30 12:34:24,67,70,9792,23806
2023-03-30 12:35:29,69,70,9792,23806
2023-03-30 12:35:31,69,72,9792,23841
2023-03-30 12:35:31,69,71,9792,23841
2023-03-30 12:35:34,69,72,9792,23841
2023-03-30 12:35:42,69,73,9792,23841
2023-03-30 12:36:10,69,75,9792,23841
2023-03-30 12:36:10,70,75,9792,23841
2023-03-30 12:36:10,70,74,9792,23841
2023-03-30 12:36:12,70,73,9792,23841
2023-03-30 12:36:12,70,72,9792,23841
2023-03-30 12:36:26,70,73,9792,23841
2023-03-30 12:36:26,70,72,9792,23841
2023-03-30 12:36:42,70,73,9792,23841
2023-03-30 12:36:42,70,72,9792,23841
2023-03-30 12:37:02,70,72,9702,23931
2023-03-30 12:37:02,71,72,9702,23931
2023-03-30 12:37:13,71,73,9702,23931
2023-03-30 12:37:13,71,76,9702,23931
2023-03-30 12:37:13,71,75,9702,23931
2023-03-30 12:37:13,71,75,9683,24011
2023-03-30 12:37:13,69,70,9683,24251
2023-03-30 12:37:25,69,72,9683,24251
2023-03-30 12:37:25,69,76,9683,24251
2023-03-30 12:37:25,69,75,9683,24251
2023-03-30 12:37:25,70,75,9683,24251
2023-03-30 12:37:29,70,73,9683,24251
2023-03-30 12:37:29,70,72,9683,24251
2023-03-30 12:37:45,68,72,9683,24251
2023-03-30 12:37:45,68,73,9683,24251
2023-03-30 12:37:45,68,72,9683,24251
2023-03-30 12:37:56,68,73,9683,24251
2023-03-30 12:37:56,68,72,9683,24251
2023-03-30 12:38:02,70,72,9683,24251
2023-03-30 12:38:06,72,73,9718,24446
2023-03-30 12:38:06,72,73,9718,24526
2023-03-30 12:38:06,72,75,9718,24526
2023-03-30 12:38:07,72,74,9718,24526
2023-03-30 12:38:17,73,74,9718,24526
2023-03-30 12:38:17,73,75,9718,24526
2023-03-30 12:38:27,74,75,9753,24561
2023-03-30 12:38:28,74,75,9833,24702
2023-03-30 12:38:28,73,74,9833,24776
2023-03-30 12:38:32,72,74,9833,24976
2023-03-30 12:38:35,70,74,9833,24976
2023-03-30 12:38:35,68,74,9833,24976
2023-03-30 12:38:35,72,74,9833,24976
2023-03-30 12:38:39,72,75,9833,24976
2023-03-30 12:38:39,72,74,9833,24976
2023-03-30 12:38:50,71,74,9833,24976
2023-03-30 12:39:37,71,73,9833,24976
2023-03-30 12:39:41,70,73,9833,24976
2023-03-30 12:39:41,70,74,9833,24976
2023-03-30 12:39:41,70,72,9833,24976
2023-03-30 12:39:52,70,72,9753,25075
2023-03-30 12:40:00,70,74,9753,25075
2023-03-30 12:40:00,70,72,9753,25075
2023-03-30 12:40:18,71,72,9753,25075
2023-03-30 12:40:41,71,74,9753,25075
2023-03-30 12:40:42,71,72,9753,25075
2023-03-30 12:40:44,71,74,9753,25075
2023-03-30 12:40:45,72,74,9753,25075
2023-03-30 12:41:01,72,73,9753,25075
2023-03-30 12:41:17,72,73,9753,25235
2023-03-30 12:41:39,72,74,9753,25235
2023-03-30 12:41:57,72,73,9753,25235
2023-03-30 12:42:10,71,73,9774,25275
2023-03-30 12:42:10,71,72,9774,25275
2023-03-30 12:42:54,68,71,9780,25281
2023-03-30 12:42:55,68,72,9780,25281
2023-03-30 12:43:06,68,69,9780,25281
2023-03-30 12:43:22,67,69,9780,25281
2023-03-30 12:43:37,67,69,9753,25369
2023-03-30 12:43:37,69,72,9753,25401
2023-03-30 12:43:38,68,72,9753,25401
2023-03-30 12:43:39,68,69,9753,25401
2023-03-30 12:43:45,68,72,9753,25401
2023-03-30 12:43:46,69,72,9753,25401
2023-03-30 12:43:47,68,72,9753,25401
2023-03-30 12:43:59,68,74,9786,25474
2023-03-30 12:44:02,68,74,9786,25674
2023-03-30 12:44:02,68,69,9786,25674
2023-03-30 12:44:02,68,69,9786,25874
2023-03-30 12:44:04,68,72,9786,26074
2023-03-30 12:44:04,69,72,9786,26074
2023-03-30 12:44:05,68,72,9786,26074
2023-03-30 12:44:19,68,74,9786,26074
2023-03-30 12:44:50,70,74,9786,26074
2023-03-30 12:44:54,70,73,9786,26074
2023-03-30 12:45:06,72,73,9786,26074
2023-03-30 12:45:22,69,73,9786,26074
2023-03-30 12:45:22,69,73,9786,26194
2023-03-30 12:45:22,71,73,9786,26194
2023-03-30 12:45:22,71,74,9786,26194
2023-03-30 12:45:38,73,74,9786,26194
2023-03-30 12:45:53,71,74,9786,26194
2023-03-30 12:45:54,73,74,9786,26194
2023-03-30 12:46:24,71,74,9786,26194
2023-03-30 12:46:25,73,74,9786,26194
2023-03-30 12:46:39,70,74,9786,26194
2023-03-30 12:46:39,74,75,9786,26204
2023-03-30 12:46:56,75,76,9786,26364
2023-03-30 12:47:12,74,76,9786,26364
2023-03-30 12:47:12,72,76,9786,26364
2023-03-30 12:47:12,74,76,9786,26364
2023-03-30 12:47:27,72,76,9786,26364
2023-03-30 12:47:27,73,76,9786,26364
2023-03-30 12:47:27,73,75,9786,26364
2023-03-30 12:47:43,72,75,9786,26364
2023-03-30 12:47:43,72,76,9786,26364
2023-03-30 12:47:43,72,75,9786,26364
2023-03-30 12:48:14,74,75,9786,26364
2023-03-30 12:48:30,74,78,9786,26364
2023-03-30 12:48:30,74,77,9786,26364
2023-03-30 12:48:46,74,78,9786,26364
2023-03-30 12:48:46,75,78,9786,26364
2023-03-30 12:48:46,75,77,9786,26364
2023-03-30 12:49:04,74,77,9786,26364
2023-03-30 12:49:04,74,78,9786,26364
2023-03-30 12:49:04,75,78,9786,26364
2023-03-30 12:49:04,75,77,9786,26364
2023-03-30 12:49:17,74,77,9786,26364
2023-03-30 12:49:17,74,78,9786,26364
2023-03-30 12:49:17,75,78,9786,26364
2023-03-30 12:49:34,74,78,9786,26364
2023-03-30 12:49:34,75,78,9786,26364
2023-03-30 12:49:34,75,77,9786,26364
2023-03-30 12:49:48,75,76,9786,26364
2023-03-30 12:50:06,74,76,9786,26364
2023-03-30 12:50:06,74,77,9786,26364
2023-03-30 12:50:35,74,76,9786,26364
2023-03-30 12:50:49,74,76,9786,26444
2023-03-30 12:50:51,72,76,9786,26444
2023-03-30 12:50:51,73,76,9786,26444
2023-03-30 12:51:05,73,75,9786,26444
2023-03-30 12:51:22,72,75,9786,26444
2023-03-30 12:51:22,73,75,9786,26444
2023-03-30 12:51:53,72,75,9786,26444
2023-03-30 12:51:53,71,75,9786,26444
2023-03-30 12:51:53,73,75,9786,26444
2023-03-30 12:52:09,71,75,9786,26444
2023-03-30 12:52:09,73,75,9786,26444
2023-03-30 12:52:24,71,75,9786,26444
2023-03-30 12:52:24,73,75,9786,26444
2023-03-30 12:52:40,72,75,9786,26444
2023-03-30 12:52:40,72,76,9786,26444
2023-03-30 12:52:40,74,76,9786,26444
2023-03-30 12:52:55,74,75,9786,26444
2023-03-30 12:53:11,72,75,9786,26444
2023-03-30 12:53:12,73,75,9786,26444
2023-03-30 12:53:27,72,75,9786,26444
2023-03-30 12:53:27,73,75,9786,26444
2023-03-30 12:53:41,72,75,9786,26444
2023-03-30 12:53:41,73,75,9786,26444
2023-03-30 12:53:42,73,74,9786,26444
2023-03-30 12:54:06,70,74,9786,26444
2023-03-30 12:54:06,71,74,9786,26444
2023-03-30 12:54:19,71,73,9786,26444
2023-03-30 12:54:24,69,73,9786,26444
2023-03-30 12:54:24,71,73,9786,26444
2023-03-30 12:54:39,69,73,9786,26444
2023-03-30 12:54:57,69,72,9786,26444
2023-03-30 12:55:06,68,72,9786,26444
2023-03-30 12:55:06,67,72,9786,26444
2023-03-30 12:55:38,67,71,9786,26444
2023-03-30 12:55:40,66,71,9786,26444
2023-03-30 12:55:40,66,70,9786,26444
2023-03-30 12:55:42,68,70,9786,26444
2023-03-30 12:55:42,70,72,9900,26604
2023-03-30 12:55:43,70,71,9900,26604
2023-03-30 12:55:58,68,71,9900,26604
2023-03-30 12:55:58,70,71,9900,26604
2023-03-30 12:56:14,66,71,9900,26604
2023-03-30 12:56:14,67,71,9900,26604
2023-03-30 12:56:14,69,71,9900,26604
2023-03-30 12:56:27,67,71,9900,26604
2023-03-30 12:56:27,69,71,9900,26604
2023-03-30 12:56:47,68,71,9900,26604
2023-03-30 12:56:47,70,71,9900,26604
2023-03-30 12:56:47,70,73,9900,26604
2023-03-30 12:57:15,70,72,9900,26604
2023-03-30 12:57:15,70,72,9820,26684
2023-03-30 12:57:15,70,71,9820,26684
2023-03-30 12:58:04,70,71,9900,26764
2023-03-30 12:59:16,70,72,9900,26784
2023-03-30 12:59:23,70,75,9900,26784
2023-03-30 12:59:23,71,75,9900,26784
2023-03-30 12:59:23,71,74,9900,26784
2023-03-30 12:59:23,71,73,9900,26784
2023-03-30 12:59:36,70,73,9900,26784
2023-03-30 12:59:36,70,75,9900,26784
2023-03-30 12:59:36,72,75,9900,26784
2023-03-30 12:59:36,72,74,9900,26784
2023-03-30 12:59:52,70,74,9900,26784
2023-03-30 12:59:52,70,75,9900,26784
2023-03-30 12:59:52,72,75,9900,26784
2023-03-30 12:59:52,72,74,9900,26784
2023-03-30 13:00:09,72,75,9900,26784
2023-03-30 13:00:23,74,75,9900,26784
2023-03-30 13:00:40,73,75,9900,26784
2023-03-30 13:00:40,74,75,9900,26784
2023-03-30 13:00:53,73,75,9900,26784
2023-03-30 13:01:24,74,75,9900,26784
2023-03-30 13:02:01,74,75,9934,26818
2023-03-30 13:02:07,70,75,9979,26863
2023-03-30 13:02:25,70,74,9979,26863
2023-03-30 13:02:25,71,74,9979,26863
2023-03-30 13:02:42,71,75,9979,26863
2023-03-30 13:02:42,71,74,9979,26863
2023-03-30 13:02:42,71,75,9979,26863
2023-03-30 13:02:56,71,74,9979,26863
2023-03-30 13:02:56,71,72,9979,26863
2023-03-30 13:02:57,72,74,9940,26902
2023-03-30 13:02:57,72,73,9940,26902
2023-03-30 13:02:58,71,73,9940,26902
2023-03-30 13:03:12,71,72,9940,26902
2023-03-30 13:03:13,70,72,9940,26902
2023-03-30 13:03:26,70,74,9940,26902
2023-03-30 13:03:26,70,75,9940,26902
2023-03-30 13:03:26,70,73,9940,26902
2023-03-30 13:03:26,70,72,9940,26902
2023-03-30 13:03:33,70,72,9940,26907
2023-03-30 13:03:41,70,73,9940,26907
2023-03-30 13:03:41,70,74,9940,26907
2023-03-30 13:03:41,70,72,9940,26907
2023-03-30 13:03:41,70,74,9940,26907
2023-03-30 13:03:41,70,73,9940,26907
2023-03-30 13:03:41,70,74,9940,26907
2023-03-30 13:03:41,70,72,9940,26907
2023-03-30 13:03:59,69,72,9940,26907
2023-03-30 13:04:15,68,72,9940,26907
2023-03-30 13:04:29,69,72,9940,26907
2023-03-30 13:04:44,71,72,9940,26907
2023-03-30 13:05:04,71,73,9940,26907
2023-03-30 13:05:15,71,72,9940,26907
2023-03-30 13:05:16,69,72,9940,26907
2023-03-30 13:05:16,71,72,9940,26907
2023-03-30 13:05:31,69,72,9940,26907
2023-03-30 13:05:32,70,72,9940,26907
2023-03-30 13:05:46,69,72,9940,26907
2023-03-30 13:05:46,69,73,9940,26907
2023-03-30 13:05:46,71,73,9940,26907
2023-03-30 13:06:10,71,72,9940,26907
2023-03-30 13:06:12,70,71,10017,26984
2023-03-30 13:06:15,70,72,10017,26984
2023-03-30 13:06:33,68,72,10017,26984
2023-03-30 13:06:33,68,70,10017,26984
2023-03-30 13:06:49,68,72,10017,26984
2023-03-30 13:06:49,69,72,10017,26984
2023-03-30 13:07:07,68,72,10017,26984
2023-03-30 13:07:07,70,72,10017,26984
2023-03-30 13:07:21,68,72,10017,26984
2023-03-30 13:07:21,69,72,10017,26984
2023-03-30 13:07:35,68,72,10017,26984
2023-03-30 13:07:35,68,70,10017,26984
2023-03-30 13:07:50,68,70,9920,27124
2023-03-30 13:07:51,69,70,9920,27124
2023-03-30 13:08:04,69,70,9920,27209
2023-03-30 13:08:04,69,72,9920,27213
2023-03-30 13:08:06,69,74,9920,27213
2023-03-30 13:08:06,69,73,9920,27213
2023-03-30 13:08:06,69,72,9920,27213
2023-03-30 13:08:22,69,74,9920,27213
2023-03-30 13:08:22,69,75,9920,27213
2023-03-30 13:08:22,69,73,9920,27213
2023-03-30 13:08:22,73,75,9953,27246
2023-03-30 13:08:22,73,74,9953,27246
2023-03-30 13:08:22,73,75,9953,27246
2023-03-30 13:08:23,71,73,9953,27251
2023-03-30 13:08:27,71,75,9953,27251
2023-03-30 13:08:38,71,73,9953,27251
2023-03-30 13:08:53,72,73,9953,27251
2023-03-30 13:09:09,71,73,9953,27251
2023-03-30 13:09:09,69,73,9953,27251
2023-03-30 13:09:10,71,73,9953,27251
2023-03-30 13:09:26,69,73,9953,27251
2023-03-30 13:09:26,71,73,9953,27251
2023-03-30 13:09:41,70,73,9953,27251
2023-03-30 13:09:41,70,72,9953,27251
2023-03-30 13:09:55,71,72,9953,27251
2023-03-30 13:10:11,71,73,9953,27251
2023-03-30 13:10:11,71,72,9953,27251
2023-03-30 13:10:42,71,73,9953,27251
2023-03-30 13:10:58,69,73,9953,27251
2023-03-30 13:10:58,69,74,9953,27251
2023-03-30 13:10:58,71,74,9953,27251
2023-03-30 13:11:12,71,73,9953,27251
2023-03-30 13:11:28,72,73,9953,27251
2023-03-30 13:11:44,69,73,9953,27251
2023-03-30 13:11:44,71,73,9953,27251
2023-03-30 13:12:04,71,74,9953,27251
2023-03-30 13:12:45,70,74,9953,27251
2023-03-30 13:12:46,71,74,9953,27251
2023-03-30 13:12:46,71,73,9953,27251
2023-03-30 13:13:13,70,71,10175,27473
2023-03-30 13:13:16,70,73,10175,27473
2023-03-30 13:13:23,70,71,10175,27473
2023-03-30 13:13:27,69,71,10212,27510
2023-03-30 13:13:38,66,71,10212,27510
2023-03-30 13:13:55,68,71,10212,27510
2023-03-30 13:13:55,68,70,10212,27510
2023-03-30 13:14:26,69,70,10212,27510
2023-03-30 13:14:42,68,70,10212,27510
2023-03-30 13:14:42,68,71,10212,27510
2023-03-30 13:14:56,67,71,10212,27510
2023-03-30 13:14:56,68,71,10212,27510
2023-03-30 13:14:56,68,70,10212,27510
2023-03-30 13:15:28,67,70,10212,27510
2023-03-30 13:15:28,67,71,10212,27510
2023-03-30 13:15:28,68,71,10212,27510
2023-03-30 13:15:28,68,70,10212,27510
2023-03-30 13:15:44,68,72,10212,27510
2023-03-30 13:15:57,68,73,10212,27510
2023-03-30 13:15:57,68,74,10212,27510
2023-03-30 13:15:57,68,72,10212,27510
2023-03-30 13:15:57,68,70,10212,27510
2023-03-30 13:16:06,68,72,10212,27510
2023-03-30 13:16:06,68,74,10212,27510
2023-03-30 13:16:06,68,73,10212,27510
2023-03-30 13:16:06,69,73,10212,27510
2023-03-30 13:16:06,69,74,10212,27510
2023-03-30 13:16:23,68,74,10212,27510
2023-03-30 13:16:29,69,74,10212,27510
2023-03-30 13:16:29,69,73,10212,27510
2023-03-30 13:16:36,69,74,10212,27510
2023-03-30 13:16:58,69,73,10212,27510
2023-03-30 13:17:09,70,73,10212,27510
2023-03-30 13:17:25,69,73,10212,27510
2023-03-30 13:17:25,69,72,10212,27510
2023-03-30 13:17:41,69,73,10212,27510
2023-03-30 13:17:41,70,73,10212,27510
2023-03-30 13:17:41,70,72,10212,27510
2023-03-30 13:18:11,70,74,10212,27510
2023-03-30 13:18:11,70,73,10212,27510
2023-03-30 13:18:11,70,72,10212,27510
2023-03-30 13:18:22,71,72,10212,27510
2023-03-30 13:18:59,71,73,10212,27510
2023-03-30 13:18:59,71,75,10212,27510
2023-03-30 13:18:59,71,74,10212,27510
2023-03-30 13:19:15,71,75,10212,27510
2023-03-30 13:19:16,71,73,10212,27510
2023-03-30 13:19:30,72,73,10212,27510
2023-03-30 13:19:31,72,75,10212,27510
2023-03-30 13:19:31,72,75,10212,27617
2023-03-30 13:19:31,72,74,10212,27617
2023-03-30 13:19:45,72,73,10212,27617
2023-03-30 13:20:18,72,73,10212,27652
2023-03-30 13:20:29,70,73,10212,27652
2023-03-30 13:20:34,69,73,10212,27652
2023-03-30 13:20:34,70,73,10212,27652
2023-03-30 13:20:49,70,72,10212,27652
2023-03-30 13:21:05,70,72,10212,27809
2023-03-30 13:21:06,70,71,10212,27809
2023-03-30 13:21:21,69,71,10212,27809
2023-03-30 13:21:21,67,71,10212,27809
2023-03-30 13:21:21,68,71,10212,27809
2023-03-30 13:21:21,68,70,10212,27809
2023-03-30 13:21:37,67,70,10212,27809
2023-03-30 13:21:38,67,69,10212,27809
2023-03-30 13:21:42,66,69,10212,27809
2023-03-30 13:21:42,66,69,10212,27896
2023-03-30 13:21:42,69,70,10212,27985
2023-03-30 13:21:42,69,71,10212,27985
2023-03-30 13:21:44,66,71,10212,27985
2023-03-30 13:21:46,66,72,10212,27985
2023-03-30 13:21:47,66,73,10212,27985
2023-03-30 13:21:47,67,73,10212,27985
2023-03-30 13:21:47,67,72,10212,27985
2023-03-30 13:21:47,69,72,10212,27985
2023-03-30 13:21:50,67,72,10212,27985
2023-03-30 13:21:59,69,72,10212,27985
2023-03-30 13:22:02,69,73,10212,27985
2023-03-30 13:22:15,69,75,10212,27985
2023-03-30 13:22:18,70,75,10212,27985
2023-03-30 13:22:32,69,75,10212,27985
2023-03-30 13:22:40,69,74,10212,27985
2023-03-30 13:22:40,69,72,10212,27985
2023-03-30 13:22:48,71,72,10212,27985
2023-03-30 13:23:04,69,72,10212,27985
2023-03-30 13:23:04,71,72,10212,27985
2023-03-30 13:23:18,69,72,10212,27985
2023-03-30 13:23:18,71,72,10212,27985
2023-03-30 13:23:32,69,71,10212,28159
2023-03-30 13:23:35,69,72,10212,28159
2023-03-30 13:23:35,70,72,10212,28159
2023-03-30 13:23:51,69,72,10212,28159
2023-03-30 13:23:51,70,72,10212,28159
2023-03-30 13:24:05,69,72,10212,28159
2023-03-30 13:24:05,70,72,10212,28159
2023-03-30 13:24:23,70,72,10212,28237
2023-03-30 13:24:23,71,72,10212,28237
2023-03-30 13:24:23,71,74,10212,28469
2023-03-30 13:24:23,71,73,10212,28469
2023-03-30 13:24:25,71,74,10212,28469
2023-03-30 13:24:28,71,75,10212,28469
2023-03-30 13:24:28,71,74,10212,28469
2023-03-30 13:24:31,71,75,10212,28469
2023-03-30 13:24:50,72,75,10212,28469
2023-03-30 13:25:43,74,75,10212,28469
2023-03-30 13:25:43,74,75,10212,28575
2023-03-30 13:25:58,72,75,10212,28575
2023-03-30 13:25:58,71,75,10212,28575
2023-03-30 13:25:58,74,75,10212,28575
2023-03-30 13:26:20,74,75,10212,28675
2023-03-30 13:26:25,74,76,10212,28675
2023-03-30 13:26:27,72,76,10212,28675
2023-03-30 13:26:27,75,76,10212,28675
2023-03-30 13:27:32,74,76,10212,28675
2023-03-30 13:27:32,73,76,10212,28675
2023-03-30 13:27:32,73,77,10212,28675
2023-03-30 13:27:32,74,77,10212,28675
2023-03-30 13:27:36,74,76,10212,28675
2023-03-30 13:28:17,75,76,10212,28675
2023-03-30 13:28:31,74,76,10212,28675
2023-03-30 13:28:31,71,76,10212,28675
2023-03-30 13:28:32,72,76,10212,28675
2023-03-30 13:28:32,74,76,10212,28675
2023-03-30 13:29:04,73,76,10212,28675
2023-03-30 13:29:04,74,76,10212,28675
2023-03-30 13:29:04,74,76,10212,28775
2023-03-30 13:29:18,75,76,10212,28775
2023-03-30 13:29:18,77,78,10212,28835
2023-03-30 13:29:32,77,78,10212,28868
2023-03-30 13:30:05,76,78,10212,28868
2023-03-30 13:30:05,75,78,10212,28868
2023-03-30 13:30:05,77,78,10212,28868
2023-03-30 13:30:20,77,79,10212,28901
2023-03-30 13:30:38,78,79,10212,28901
2023-03-30 13:31:07,77,79,10212,28901
2023-03-30 13:31:07,76,79,10212,28901
2023-03-30 13:31:07,76,80,10212,28901
2023-03-30 13:31:07,77,80,10212,28901
2023-03-30 13:31:16,78,80,10212,28901
2023-03-30 13:31:47,78,81,10212,28901
2023-03-30 13:31:55,78,82,10212,28901
2023-03-30 13:31:55,78,81,10212,28901
2023-03-30 13:32:10,79,81,10212,28901
2023-03-30 13:32:40,80,81,10212,28901
2023-03-30 13:32:57,80,84,10212,28901
2023-03-30 13:32:57,80,83,10212,28901
2023-03-30 13:32:57,82,83,10212,28901
2023-03-30 13:33:09,80,82,10212,28933
2023-03-30 13:33:29,80,84,10212,28933
2023-03-30 13:33:29,80,83,10212,28933
2023-03-30 13:33:29,80,82,10212,28933
2023-03-30 13:33:56,80,83,10212,28933
2023-03-30 13:33:56,80,82,10212,28933
2023-03-30 13:34:11,80,83,10212,28933
2023-03-30 13:34:27,80,82,10212,28933
2023-03-30 13:34:44,80,83,10212,28933
2023-03-30 13:34:44,80,82,10212,28933
2023-03-30 13:34:59,80,83,10212,28933
2023-03-30 13:34:59,80,82,10212,28933
2023-03-30 13:35:30,80,83,10212,28933
2023-03-30 13:35:30,80,83,10212,28965
2023-03-30 13:35:30,80,82,10212,28965
2023-03-30 13:35:41,80,83,10212,28965
2023-03-30 13:35:41,80,82,10212,28965
2023-03-30 13:35:41,80,83,10212,28965
2023-03-30 13:36:04,81,83,10212,28965
2023-03-30 13:36:04,81,84,10212,28965
2023-03-30 13:36:35,81,85,10212,28965
2023-03-30 13:36:44,83,85,10212,28965
2023-03-30 13:37:00,84,85,10212,28965
2023-03-30 13:37:32,83,85,10212,28965
2023-03-30 13:37:32,81,85,10212,28965
2023-03-30 13:37:32,83,85,10212,28965
2023-03-30 13:37:46,82,85,10212,28965
2023-03-30 13:37:46,84,85,10212,28965
2023-03-30 13:38:22,84,85,10270,29063
2023-03-30 13:38:22,84,85,10270,29263
2023-03-30 13:38:24,82,84,10270,29311
2023-03-30 13:38:35,82,85,10270,29311
2023-03-30 13:38:35,83,85,10270,29311
2023-03-30 13:38:49,81,85,10270,29311
2023-03-30 13:38:49,81,84,10270,29311
2023-03-30 13:38:49,81,82,10270,29311
2023-03-30 13:38:50,81,82,10212,29412
2023-03-30 13:39:23,81,85,10212,29412
2023-03-30 13:39:23,81,84,10212,29412
2023-03-30 13:39:23,81,83,10212,29412
2023-03-30 13:39:24,82,83,10212,29412
2023-03-30 13:39:37,82,85,10212,29412
2023-03-30 13:39:37,82,84,10212,29412
2023-03-30 13:40:08,82,85,10212,29412
2023-03-30 13:40:22,83,84,10212,29412
2023-03-30 13:40:55,83,84,10254,29454
2023-03-30 13:40:55,82,84,10254,29454
2023-03-30 13:41:10,83,84,10254,29454
2023-03-30 13:41:19,83,85,10254,29454
2023-03-30 13:41:24,82,85,10254,29454
2023-03-30 13:41:24,84,85,10254,29454
2023-03-30 13:41:56,82,85,10254,29454
2023-03-30 13:41:56,83,85,10254,29454
2023-03-30 13:42:12,82,85,10254,29454
2023-03-30 13:42:12,84,85,10254,29454
2023-03-30 13:42:27,82,85,10254,29454
2023-03-30 13:42:27,83,85,10254,29454
2023-03-30 13:42:27,83,85,10254,29515
2023-03-30 13:42:28,83,86,10254,29515
2023-03-30 13:42:31,83,87,10254,29515
2023-03-30 13:42:31,83,86,10254,29515
2023-03-30 13:42:43,85,86,10254,29515
2023-03-30 13:42:48,85,86,10296,29557
2023-03-30 13:42:49,85,87,10296,29557
2023-03-30 13:42:58,85,86,10296,29557
2023-03-30 13:42:58,83,86,10296,29557
2023-03-30 13:42:58,84,86,10296,29557
2023-03-30 13:43:13,83,86,10296,29557
2023-03-30 13:43:13,84,86,10296,29557
2023-03-30 13:43:46,83,86,10296,29557
2023-03-30 13:43:46,83,85,10296,29557
2023-03-30 13:44:00,83,86,10296,29557
2023-03-30 13:44:01,83,85,10296,29557
2023-03-30 13:44:18,83,86,10296,29557
2023-03-30 13:44:18,83,85,10296,29557
2023-03-30 13:44:31,83,86,10296,29557
2023-03-30 13:44:31,83,85,10296,29557
2023-03-30 13:44:31,83,84,10296,29557
2023-03-30 13:44:34,82,84,10296,29557
2023-03-30 13:44:46,82,86,10296,29557
2023-03-30 13:44:46,82,85,10296,29557
2023-03-30 13:44:46,82,83,10296,29557
2023-03-30 13:45:01,82,85,10296,29557
2023-03-30 13:45:01,82,84,10296,29557
2023-03-30 13:45:04,83,84,10296,29557
2023-03-30 13:45:16,83,86,10296,29557
2023-03-30 13:45:17,83,84,10296,29557
2023-03-30 13:45:32,83,86,10296,29557
2023-03-30 13:45:32,83,85,10296,29557
2023-03-30 13:45:46,83,86,10296,29557
2023-03-30 13:45:46,84,86,10296,29557
2023-03-30 13:46:03,85,86,10296,29557
2023-03-30 13:46:18,84,86,10296,29557
2023-03-30 13:46:18,84,87,10296,29557
2023-03-30 13:46:19,85,87,10296,29557
2023-03-30 13:46:19,86,87,10296,29557
2023-03-30 13:46:26,85,87,10296,29557
2023-03-30 13:46:26,84,87,10296,29557
2023-03-30 13:46:26,84,85,10296,29557
2023-03-30 13:46:43,84,87,10296,29557
2023-03-30 13:47:27,85,87,10296,29557
2023-03-30 13:47:44,85,86,10296,29557
2023-03-30 13:47:48,83,85,10296,29733
2023-03-30 13:47:57,83,86,10296,29733
2023-03-30 13:47:58,84,86,10296,29733
2023-03-30 13:48:13,85,86,10296,29733
2023-03-30 13:48:28,83,86,10296,29733
2023-03-30 13:48:29,85,86,10296,29733
2023-03-30 13:48:37,85,87,10296,29733
2023-03-30 13:48:42,84,87,10296,29733
2023-03-30 13:48:42,84,86,10296,29733
2023-03-30 13:48:42,84,86,10296,29762
2023-03-30 13:48:48,84,87,10296,29762
2023-03-30 13:49:48,85,87,10296,29762
2023-03-30 13:50:00,83,85,10296,29877
2023-03-30 13:50:05,83,87,10296,29877
2023-03-30 13:50:05,83,86,10296,29877
2023-03-30 13:50:20,83,87,10296,29877
2023-03-30 13:50:24,83,86,10296,29877
2023-03-30 13:51:05,83,85,10296,29877
2023-03-30 13:51:05,83,84,10296,29877
2023-03-30 13:51:06,82,84,10296,29877
2023-03-30 13:51:38,82,86,10296,29877
2023-03-30 13:51:38,84,86,10296,29877
2023-03-30 13:51:52,83,86,10296,29877
2023-03-30 13:51:52,83,85,10296,29877
2023-03-30 13:52:08,84,85,10296,29877
2023-03-30 13:52:24,83,85,10296,29877
2023-03-30 13:52:24,83,86,10296,29877
2023-03-30 13:52:24,83,85,10296,29877
2023-03-30 13:52:41,83,86,10296,29877
2023-03-30 13:52:41,83,87,10296,29877
2023-03-30 13:52:41,83,85,10296,29877
2023-03-30 13:52:56,83,84,10296,29877
2023-03-30 13:53:00,83,84,10296,30077
2023-03-30 13:53:00,82,84,10296,30077
2023-03-30 13:53:28,80,84,10296,30077
2023-03-30 13:53:28,80,85,10296,30077
2023-03-30 13:53:28,82,85,10296,30077
2023-03-30 13:53:43,80,85,10296,30077
2023-03-30 13:53:43,84,85,10296,30077
2023-03-30 13:53:59,81,85,10296,30077
2023-03-30 13:54:00,83,85,10296,30077
2023-03-30 13:54:15,83,84,10296,30077
2023-03-30 13:54:29,82,84,10296,30077
2023-03-30 13:54:29,80,84,10296,30077
2023-03-30 13:54:29,82,84,10296,30077
2023-03-30 13:55:00,80,84,10296,30077
2023-03-30 13:55:00,82,84,10296,30077
2023-03-30 13:55:16,83,84,10296,30077
2023-03-30 13:55:24,83,85,10296,30077
2023-03-30 13:55:48,82,85,10296,30077
2023-03-30 13:56:08,82,84,10296,30077
2023-03-30 13:56:20,82,83,10296,30077
2023-03-30 13:56:37,81,83,10296,30077
2023-03-30 13:56:37,80,83,10296,30077
2023-03-30 13:56:37,80,84,10296,30077
2023-03-30 13:56:37,81,84,10296,30077
2023-03-30 13:56:52,82,84,10296,30077
2023-03-30 13:57:21,83,84,10296,30077
2023-03-30 13:57:38,81,84,10296,30077
2023-03-30 13:57:38,82,84,10296,30077
2023-03-30 13:57:53,83,84,10296,30077
2023-03-30 13:58:25,83,84,10296,30277
2023-03-30 13:58:27,83,84,10296,30477
2023-03-30 13:58:28,83,85,10296,30477
2023-03-30 13:58:28,83,85,10296,30677
2023-03-30 13:58:29,83,84,10296,30677
2023-03-30 13:58:30,81,83,10296,30817
2023-03-30 13:58:33,80,83,10296,30817
2023-03-30 13:58:38,80,84,10296,30817
2023-03-30 13:58:53,79,84,10296,30817
2023-03-30 13:58:53,79,82,10296,30817
2023-03-30 13:59:06,79,83,10296,30817
2023-03-30 13:59:21,79,83,10296,30818
2023-03-30 13:59:24,79,82,10296,30818
2023-03-30 13:59:24,78,82,10296,30818
2023-03-30 13:59:30,78,80,10296,30818
2023-03-30 13:59:35,76,80,10296,31464
2023-03-30 13:59:45,75,80,10296,31464
2023-03-30 13:59:45,75,82,10296,31464
2023-03-30 13:59:45,78,82,10296,31464
2023-03-30 13:59:45,78,80,10296,31464
2023-03-30 14:00:19,78,81,10296,31464
2023-03-30 14:00:19,80,81,10296,31464
2023-03-30 14:01:03,78,81,10296,31464
2023-03-30 14:01:03,79,81,10296,31464
2023-03-30 14:01:36,79,80,10296,31464
2023-03-30 14:01:46,78,80,10296,31490
2023-03-30 14:01:48,77,80,10296,31490
2023-03-30 14:01:49,79,80,10296,31490
2023-03-30 14:02:17,77,80,10296,31568
2023-03-30 14:02:20,76,80,10296,31568
2023-03-30 14:02:35,77,80,10296,31568
2023-03-30 14:02:49,77,78,10296,31568
2023-03-30 14:02:52,75,78,10296,31568
2023-03-30 14:02:52,74,78,10296,31568
2023-03-30 14:02:52,76,78,10296,31568
2023-03-30 14:03:07,74,78,10296,31568
2023-03-30 14:03:07,76,78,10296,31568
2023-03-30 14:03:24,74,78,10296,31568
2023-03-30 14:03:24,75,78,10296,31568
2023-03-30 14:03:24,77,78,10296,31568
2023-03-30 14:03:29,77,80,10296,31728
2023-03-30 14:03:40,76,80,10296,31728
2023-03-30 14:03:40,78,80,10296,31728
2023-03-30 14:04:41,77,80,10296,31779
2023-03-30 14:04:43,76,80,10296,31779
2023-03-30 14:04:49,76,79,10296,31779
2023-03-30 14:05:08,76,78,10296,31779
2023-03-30 14:05:29,74,78,10296,31779
2023-03-30 14:05:29,75,78,10296,31779
2023-03-30 14:05:59,74,78,10296,31779
2023-03-30 14:05:59,75,78,10296,31779
2023-03-30 14:06:38,75,77,10296,31779
2023-03-30 14:06:53,74,77,10296,31779
2023-03-30 14:07:16,75,77,10296,31779
2023-03-30 14:07:17,75,78,10296,31779
2023-03-30 14:07:32,75,79,10296,31779
2023-03-30 14:07:32,76,79,10296,31779
2023-03-30 14:07:47,75,79,10296,31779
2023-03-30 14:07:47,76,79,10296,31779
2023-03-30 14:08:17,75,79,10296,31779
2023-03-30 14:08:17,76,79,10296,31779
2023-03-30 14:09:07,76,80,10296,31779
2023-03-30 14:09:07,77,80,10296,31779
2023-03-30 14:09:36,76,80,10296,31779
2023-03-30 14:09:36,77,80,10296,31779
2023-03-30 14:09:39,76,80,10296,31779
2023-03-30 14:09:52,77,80,10296,31779
2023-03-30 14:10:08,76,80,10296,31779
2023-03-30 14:10:08,77,80,10296,31779
2023-03-30 14:10:23,76,80,10296,31779
2023-03-30 14:10:23,78,80,10296,31779
2023-03-30 14:10:24,78,81,10296,31779
2023-03-30 14:10:42,78,82,10296,31779
2023-03-30 14:10:55,81,82,10296,31779
2023-03-30 14:11:09,79,82,10296,31803
2023-03-30 14:11:11,81,82,10296,31803
2023-03-30 14:11:14,79,81,10296,31827
2023-03-30 14:11:22,79,82,10296,31827
2023-03-30 14:11:26,76,82,10296,31827
2023-03-30 14:11:26,78,82,10296,31827
2023-03-30 14:11:33,78,81,10296,31827
2023-03-30 14:11:43,77,81,10296,31827
2023-03-30 14:11:43,79,81,10296,31827
2023-03-30 14:12:14,77,81,10296,31827
2023-03-30 14:12:14,78,81,10296,31827
2023-03-30 14:12:30,76,81,10296,31827
2023-03-30 14:12:30,77,81,10296,31827
2023-03-30 14:12:45,76,81,10296,31827
2023-03-30 14:12:45,77,81,10296,31827
2023-03-30 14:12:50,77,80,10296,31827
2023-03-30 14:13:03,75,80,10296,31827
2023-03-30 14:13:08,76,80,10296,31827
2023-03-30 14:13:49,77,80,10296,31827
2023-03-30 14:14:05,77,79,10296,31827
2023-03-30 14:14:19,75,79,10296,31827
2023-03-30 14:14:27,75,80,10296,31827
2023-03-30 14:14:36,77,80,10296,31827
2023-03-30 14:14:50,77,79,10296,31827
2023-03-30 14:15:04,75,79,10296,31827
2023-03-30 14:15:04,76,79,10296,31827
2023-03-30 14:15:18,76,80,10296,31827
2023-03-30 14:15:18,77,80,10296,31827
2023-03-30 14:15:24,77,81,10296,31827
2023-03-30 14:15:36,79,81,10296,31827
2023-03-30 14:15:58,79,80,10296,31827
2023-03-30 14:15:59,78,79,10296,31943
2023-03-30 14:16:07,78,80,10296,31943
2023-03-30 14:16:12,78,79,10296,31943
2023-03-30 14:16:19,76,78,10296,32012
2023-03-30 14:16:25,76,79,10296,32012
2023-03-30 14:16:25,76,78,10296,32012
2023-03-30 14:16:31,76,79,10296,32012
2023-03-30 14:16:38,75,79,10296,32012
2023-03-30 14:16:53,75,78,10296,32012
2023-03-30 14:17:14,76,78,10296,32012
2023-03-30 14:17:21,75,78,10296,32012
2023-03-30 14:17:24,75,79,10296,32012
2023-03-30 14:17:48,77,79,10296,32012
2023-03-30 14:17:52,75,79,10296,32012
2023-03-30 14:18:01,75,78,10296,32012
2023-03-30 14:18:11,74,78,10296,32012
2023-03-30 14:18:11,74,77,10296,32012
2023-03-30 14:18:16,74,76,10296,32012
2023-03-30 14:18:19,73,76,10296,32012
2023-03-30 14:18:29,73,76,10339,32055
2023-03-30 14:18:29,73,75,10339,32055
2023-03-30 14:18:30,73,76,10339,32055
2023-03-30 14:18:41,72,76,10339,32055
2023-03-30 14:18:56,71,76,10339,32055
2023-03-30 14:18:57,73,76,10339,32055
2023-03-30 14:19:12,70,76,10339,32055
2023-03-30 14:19:12,72,76,10339,32055
2023-03-30 14:19:22,73,76,10339,32055
2023-03-30 14:19:31,73,77,10339,32055
2023-03-30 14:19:44,74,77,10339,32055
2023-03-30 14:19:55,75,77,10339,32055
2023-03-30 14:20:44,75,76,10339,32055
2023-03-30 14:20:45,73,75,10339,32215
2023-03-30 14:20:45,73,74,10339,32215
2023-03-30 14:21:06,68,73,10339,32375
2023-03-30 14:21:15,68,74,10339,32375
2023-03-30 14:21:16,65,66,10339,33007
2023-03-30 14:21:18,65,66,10339,33207
2023-03-30 14:21:19,65,66,10339,33316
2023-03-30 14:21:19,65,66,10339,33516
2023-03-30 14:21:21,65,66,10339,33716
2023-03-30 14:21:23,65,66,10339,33916
2023-03-30 14:21:25,65,66,10339,34116
2023-03-30 14:21:26,66,74,10339,34175
2023-03-30 14:21:31,65,74,10339,34175
2023-03-30 14:21:35,67,74,10339,34175
2023-03-30 14:21:51,67,73,10339,34175
2023-03-30 14:21:51,67,72,10339,34175
2023-03-30 14:22:07,67,70,10339,34175
2023-03-30 14:22:22,65,70,10339,34175
2023-03-30 14:22:22,65,74,10339,34175
2023-03-30 14:22:22,65,72,10339,34175
2023-03-30 14:22:22,65,68,10339,34175
2023-03-30 14:22:37,65,67,10339,34175
2023-03-30 14:22:52,64,67,10339,34175
2023-03-30 14:22:52,64,69,10339,34175
2023-03-30 14:22:52,64,67,10339,34175
2023-03-30 14:22:54,65,67,10339,34175
2023-03-30 14:22:57,64,67,10339,34175
2023-03-30 14:23:08,64,66,10339,34175
2023-03-30 14:23:56,63,66,10339,34275
2023-03-30 14:23:59,63,69,10339,34275
2023-03-30 14:23:59,63,74,10339,34275
2023-03-30 14:24:00,63,73,10339,34275
2023-03-30 14:24:00,63,74,10339,34275
2023-03-30 14:24:00,65,74,10339,34275
2023-03-30 14:24:00,65,72,10339,34275
2023-03-30 14:24:14,65,70,10339,34275
2023-03-30 14:24:30,64,70,10339,34275
2023-03-30 14:24:30,63,70,10339,34275
2023-03-30 14:24:30,63,73,10339,34275
2023-03-30 14:24:31,65,73,10339,34275
2023-03-30 14:24:31,65,72,10339,34275
2023-03-30 14:24:31,65,70,10339,34275
2023-03-30 14:24:46,63,70,10339,34275
2023-03-30 14:24:46,63,72,10339,34275
2023-03-30 14:24:46,65,72,10339,34275
2023-03-30 14:24:46,65,69,10339,34275
2023-03-30 14:25:03,65,72,10339,34275
2023-03-30 14:25:03,65,69,10339,34275
2023-03-30 14:25:05,64,69,10339,34275
2023-03-30 14:25:16,63,69,10339,34275
2023-03-30 14:25:17,63,72,10339,34275
2023-03-30 14:25:17,63,71,10339,34275
2023-03-30 14:25:17,63,68,10339,34275
2023-03-30 14:25:34,63,70,10339,34275
2023-03-30 14:25:34,63,68,10339,34275
2023-03-30 14:25:49,63,70,10339,34275
2023-03-30 14:25:49,63,69,10339,34275
2023-03-30 14:25:49,64,69,10339,34275
2023-03-30 14:25:49,64,68,10339,34275
2023-03-30 14:26:05,64,67,10339,34275
2023-03-30 14:26:21,63,67,10339,34275
2023-03-30 14:26:52,63,69,10339,34275
2023-03-30 14:26:52,63,72,10339,34275
2023-03-30 14:26:52,63,71,10339,34275
2023-03-30 14:27:22,63,70,10339,34275
2023-03-30 14:27:26,63,73,10339,34275
2023-03-30 14:27:26,63,72,10339,34275
2023-03-30 14:27:55,63,73,10339,34275
2023-03-30 14:27:57,63,72,10339,34275
2023-03-30 14:28:03,60,72,10339,34275
2023-03-30 14:28:04,63,72,10339,34275
2023-03-30 14:28:09,60,72,10339,34275
2023-03-30 14:28:11,65,72,10339,34275
2023-03-30 14:28:11,65,69,10339,34275
2023-03-30 14:28:27,60,69,10339,34275
2023-03-30 14:28:27,62,69,10339,34275
2023-03-30 14:28:27,64,69,10339,34275
2023-03-30 14:28:27,64,68,10339,34275
2023-03-30 14:28:41,64,67,10339,34275
2023-03-30 14:29:29,60,67,10339,34275
2023-03-30 14:29:29,60,68,10339,34275
2023-03-30 14:29:29,60,67,10339,34275
2023-03-30 14:29:29,60,68,10339,34275
2023-03-30 14:29:29,62,68,10339,34275
2023-03-30 14:29:29,62,67,10339,34275
2023-03-30 14:29:44,63,67,10339,34275
2023-03-30 14:30:16,63,66,10339,34275
2023-03-30 14:30:22,62,63,10539,34475
2023-03-30 14:30:31,60,63,10539,34475
2023-03-30 14:30:31,58,63,10539,34475
2023-03-30 14:30:31,60,63,10539,34475
2023-03-30 14:31:29,58,63,10539,34475
2023-03-30 14:31:38,59,63,10539,34475
2023-03-30 14:32:15,58,63,10539,34475
2023-03-30 14:32:27,56,63,10539,34584
2023-03-30 14:32:33,56,62,10539,34584
2023-03-30 14:32:34,56,58,10539,34584
2023-03-30 14:32:34,55,58,10539,34584
2023-03-30 14:33:01,55,56,10539,34584
2023-03-30 14:33:10,53,58,10539,34584
2023-03-30 14:33:28,54,58,10539,34584
2023-03-30 14:33:31,54,59,10539,34584
2023-03-30 14:33:34,54,63,10539,34584
2023-03-30 14:33:56,55,63,10539,34584
2023-03-30 14:33:57,55,60,10539,34584
2023-03-30 14:34:09,54,60,10539,34584
2023-03-30 14:34:12,55,60,10539,34584
2023-03-30 14:34:13,55,59,10539,34584
2023-03-30 14:34:22,55,58,10539,34584
2023-03-30 14:34:33,55,59,10539,34584
2023-03-30 14:34:44,56,59,10539,34584
2023-03-30 14:35:04,55,56,10539,34640
2023-03-30 14:35:05,55,58,10539,34640
2023-03-30 14:35:05,55,59,10539,34640
2023-03-30 14:35:15,55,58,10539,34640
2023-03-30 14:35:15,53,58,10539,34640
2023-03-30 14:35:31,55,58,10539,34640
2023-03-30 14:36:19,54,58,10539,34640
2023-03-30 14:36:21,54,57,10539,34640
2023-03-30 14:36:30,54,57,10549,34650
2023-03-30 14:36:36,54,58,10549,34650
2023-03-30 14:36:54,54,57,10549,34650
2023-03-30 14:36:54,54,55,10549,34650
2023-03-30 14:36:55,54,55,10670,34771
2023-03-30 14:36:56,52,54,10670,34806
2023-03-30 14:37:05,52,55,10670,34806
2023-03-30 14:37:05,52,54,10670,34806
2023-03-30 14:37:17,51,54,10670,34806
2023-03-30 14:37:21,51,56,10680,34816
2023-03-30 14:37:21,51,55,10680,34816
2023-03-30 14:37:28,51,56,10680,34816
2023-03-30 14:37:34,51,55,10680,34816
2023-03-30 14:37:48,53,55,10680,34816
2023-03-30 14:38:07,53,56,10680,34816
2023-03-30 14:38:10,53,58,10680,34816
2023-03-30 14:38:15,53,55,10680,34816
2023-03-30 14:38:18,54,55,10680,34816
2023-03-30 14:38:24,55,58,10680,34826
2023-03-30 14:38:40,56,58,10680,34826
2023-03-30 14:38:47,56,59,10680,34916
2023-03-30 14:38:51,59,60,10680,34952
2023-03-30 14:38:53,60,61,10680,35133
2023-03-30 14:38:55,63,65,10680,35686
2023-03-30 14:39:02,59,65,10680,35686
2023-03-30 14:39:06,59,65,10670,35696
2023-03-30 14:39:07,62,65,10670,35696
2023-03-30 14:39:08,62,66,10670,35696
2023-03-30 14:39:09,62,66,10670,35749
2023-03-30 14:39:09,65,66,10670,35749
2023-03-30 14:39:10,65,66,10670,35914
2023-03-30 14:39:15,65,66,10680,35924
2023-03-30 14:39:16,62,65,10680,35928
2023-03-30 14:39:19,63,65,10680,35928
2023-03-30 14:39:23,63,67,10680,35938
2023-03-30 14:39:24,63,67,10680,35955
2023-03-30 14:39:24,65,67,10680,35955
2023-03-30 14:39:37,62,67,10680,36134
2023-03-30 14:39:40,63,67,10680,36134
2023-03-30 14:39:40,65,67,10680,36134
2023-03-30 14:39:40,65,67,10680,36151
2023-03-30 14:39:44,63,67,10680,36329
2023-03-30 14:39:55,65,67,10680,36329
2023-03-30 14:39:55,65,67,10680,36364
2023-03-30 14:39:55,65,67,10680,36473
2023-03-30 14:40:00,65,66,10680,36473
2023-03-30 14:40:04,63,65,10680,36542
2023-03-30 14:40:10,63,66,10680,36542
2023-03-30 14:40:10,62,66,10680,36542
2023-03-30 14:40:10,63,66,10680,36542
2023-03-30 14:40:21,65,66,10680,36542
2023-03-30 14:40:50,65,67,10680,36542
2023-03-30 14:41:01,64,67,10680,36632
2023-03-30 14:41:13,63,67,10680,36632
2023-03-30 14:41:13,63,66,10680,36632
2023-03-30 14:41:13,62,66,10680,36632
2023-03-30 14:41:16,62,64,10680,36632
2023-03-30 14:41:19,62,66,10680,36632
2023-03-30 14:41:23,60,66,10680,36667
2023-03-30 14:41:28,60,65,10680,36667
2023-03-30 14:41:42,63,65,10680,36667
2023-03-30 14:41:52,62,65,10680,36667
2023-03-30 14:42:14,61,65,10680,36667
2023-03-30 14:42:37,62,65,10680,36667
2023-03-30 14:42:57,62,65,10680,36759
2023-03-30 14:42:57,65,67,10680,36792
