datetime,bid,ask,open_interest,volume
2023-12-22 09:31:00,28,31,2,2
2023-12-22 09:31:00,29,31,2,2
2023-12-22 09:31:01,28,31,2,2
2023-12-22 09:31:03,27,31,2,2
2023-12-22 09:31:03,28,31,2,2
2023-12-22 09:31:04,27,31,2,2
2023-12-22 09:31:04,27,30,2,2
2023-12-22 09:31:04,28,30,2,2
2023-12-22 09:31:14,29,30,2,2
2023-12-22 09:31:15,29,31,2,2
2023-12-22 09:33:41,29,30,2,2
2023-12-22 09:34:15,29,31,2,2
2023-12-22 09:34:35,30,31,2,2
2023-12-22 09:34:59,31,33,3,3
2023-12-22 09:35:47,31,34,802,803
2023-12-22 09:35:48,32,34,802,803
2023-12-22 09:37:55,33,34,802,803
2023-12-22 09:38:29,33,34,811,812
2023-12-22 09:39:24,32,34,821,822
2023-12-22 09:40:45,32,33,821,822
2023-12-22 09:40:45,31,33,831,832
2023-12-22 09:40:57,31,33,831,892
2023-12-22 09:40:58,31,32,831,892
2023-12-22 09:41:02,30,32,831,892
2023-12-22 09:41:07,30,31,831,892
2023-12-22 09:41:10,30,32,831,892
2023-12-22 09:41:17,30,31,831,892
2023-12-22 09:41:25,30,32,831,892
2023-12-22 09:41:37,31,32,831,892
2023-12-22 09:41:37,31,32,831,902
2023-12-22 09:41:39,30,32,831,902
2023-12-22 09:41:41,31,32,831,902
2023-12-22 09:41:50,30,32,831,902
2023-12-22 09:42:27,31,32,831,902
2023-12-22 09:42:30,30,31,841,912
2023-12-22 09:42:39,30,32,841,912
2023-12-22 09:43:39,30,32,841,922
2023-12-22 09:43:52,30,31,841,922
2023-12-22 09:44:22,29,31,851,932
2023-12-22 09:44:23,29,31,851,992
2023-12-22 09:44:25,29,31,851,1012
2023-12-22 09:44:27,29,30,851,1012
2023-12-22 09:44:36,29,31,851,1012
2023-12-22 09:44:52,29,30,851,1012
2023-12-22 09:44:53,28,30,861,1022
2023-12-22 09:45:07,28,29,861,1022
2023-12-22 09:45:31,28,30,861,1022
2023-12-22 09:45:54,28,31,861,1022
2023-12-22 09:46:00,29,31,861,1022
2023-12-22 09:46:19,29,31,861,1032
2023-12-22 09:47:11,30,31,861,1032
2023-12-22 09:47:50,29,31,861,1107
2023-12-22 09:49:04,28,31,861,1117
2023-12-22 09:49:47,28,30,861,1117
2023-12-22 09:49:52,28,31,861,1117
2023-12-22 09:50:26,28,30,861,1117
2023-12-22 09:50:30,28,29,861,1117
2023-12-22 09:50:41,28,29,861,1142
2023-12-22 09:50:43,28,29,861,1241
2023-12-22 09:50:58,27,29,861,1251
2023-12-22 09:50:58,27,28,861,1251
2023-12-22 09:51:12,26,28,461,1651
2023-12-22 09:51:13,26,27,461,1651
2023-12-22 09:51:48,27,29,469,1773
2023-12-22 09:51:48,27,28,469,1773
2023-12-22 09:51:50,26,28,469,1773
2023-12-22 09:51:50,26,29,469,1773
2023-12-22 09:51:50,26,28,469,1773
2023-12-22 09:52:05,26,27,469,1773
2023-12-22 09:52:59,27,29,626,1930
2023-12-22 09:52:59,27,28,626,1930
2023-12-22 09:53:00,26,28,626,1930
2023-12-22 09:53:38,27,28,626,1930
2023-12-22 09:53:40,26,28,626,1930
2023-12-22 09:53:47,27,28,626,1930
2023-12-22 09:53:51,26,28,626,1930
2023-12-22 09:54:00,26,27,626,1930
2023-12-22 09:54:02,26,28,626,1930
2023-12-22 09:54:02,26,27,626,1930
2023-12-22 09:54:38,26,28,626,1930
2023-12-22 09:54:38,26,27,626,1930
2023-12-22 09:54:54,26,29,626,1930
2023-12-22 09:54:54,26,28,626,1930
2023-12-22 09:54:55,27,28,626,1930
2023-12-22 09:54:55,27,29,626,1930
2023-12-22 09:55:24,27,28,626,1930
2023-12-22 09:55:25,27,29,626,1930
2023-12-22 09:55:26,27,28,626,1930
2023-12-22 09:56:26,27,29,626,1930
2023-12-22 09:56:28,27,28,626,1930
2023-12-22 09:56:34,27,29,779,2083
2023-12-22 09:56:37,27,28,779,2083
2023-12-22 09:56:39,27,29,779,2083
2023-12-22 09:56:42,28,29,779,2083
2023-12-22 09:56:52,28,30,779,2083
2023-12-22 09:57:08,28,31,779,2083
2023-12-22 09:57:09,28,30,779,2083
2023-12-22 09:57:09,28,31,779,2083
2023-12-22 09:57:11,29,31,779,2083
2023-12-22 09:57:31,29,30,779,2083
2023-12-22 09:57:41,28,30,779,2083
2023-12-22 09:57:42,28,29,779,2083
2023-12-22 09:57:53,28,30,779,2083
2023-12-22 09:58:13,28,31,779,2083
2023-12-22 09:58:13,28,30,779,2083
2023-12-22 09:59:52,28,31,779,2083
2023-12-22 10:00:01,28,30,779,2083
2023-12-22 10:00:07,28,31,779,2083
2023-12-22 10:00:12,28,30,779,2083
2023-12-22 10:00:37,29,30,779,2083
2023-12-22 10:00:42,29,31,779,2088
2023-12-22 10:01:01,30,31,779,2088
2023-12-22 10:01:07,30,32,814,2288
2023-12-22 10:01:15,31,32,814,2288
2023-12-22 10:01:19,31,33,1014,2488
2023-12-22 10:01:27,32,33,1014,2488
2023-12-22 10:01:45,32,34,1014,2493
2023-12-22 10:01:59,33,34,1014,2493
2023-12-22 10:01:59,33,34,1014,2613
2023-12-22 10:02:00,32,34,1014,2613
2023-12-22 10:02:14,32,33,1014,2613
2023-12-22 10:02:14,32,34,1014,2613
2023-12-22 10:02:17,32,33,1014,2613
2023-12-22 10:02:22,31,33,1014,2613
2023-12-22 10:02:52,31,34,1014,2613
2023-12-22 10:02:52,31,33,1014,2613
2023-12-22 10:02:53,31,34,1014,2613
2023-12-22 10:02:53,31,33,1014,2613
2023-12-22 10:02:58,32,33,1014,2613
2023-12-22 10:03:00,32,33,1014,2613
2023-12-22 10:03:01,32,34,1014,2613
2023-12-22 10:03:02,32,33,1014,2613
2023-12-22 10:03:05,31,33,1014,2613
2023-12-22 10:03:06,32,33,1014,2613
2023-12-22 10:03:11,31,33,1014,2613
2023-12-22 10:03:22,31,32,1014,2613
2023-12-22 10:03:33,30,32,1014,2623
2023-12-22 10:03:40,30,31,1014,2623
2023-12-22 10:03:40,29,31,1014,2623
2023-12-22 10:04:23,29,30,1014,2623
2023-12-22 10:04:25,29,31,1168,2777
2023-12-22 10:04:25,29,30,1168,2777
2023-12-22 10:04:26,29,31,1168,2777
2023-12-22 10:04:29,30,31,1168,2777
2023-12-22 10:04:31,29,31,1168,2777
2023-12-22 10:04:38,30,31,1168,2777
2023-12-22 10:04:40,29,31,1168,2777
2023-12-22 10:04:47,29,30,1168,2777
2023-12-22 10:04:48,29,31,1168,2777
2023-12-22 10:04:51,29,30,1168,2777
2023-12-22 10:05:32,28,30,1553,3277
2023-12-22 10:05:32,28,29,1553,3277
2023-12-22 10:05:42,28,30,1553,3277
2023-12-22 10:05:54,29,30,1553,3277
2023-12-22 10:05:54,29,31,1553,3277
2023-12-22 10:06:05,30,31,1553,3277
2023-12-22 10:06:07,30,32,1553,3282
2023-12-22 10:06:17,30,33,1568,3682
2023-12-22 10:06:18,31,33,1568,3682
2023-12-22 10:06:33,32,33,1568,3682
2023-12-22 10:06:40,32,34,1568,3682
2023-12-22 10:06:55,32,33,1568,3682
2023-12-22 10:07:18,32,34,1568,3682
2023-12-22 10:07:18,32,33,1568,3682
2023-12-22 10:07:21,32,34,1568,3682
2023-12-22 10:07:22,32,33,1568,3682
2023-12-22 10:08:09,32,34,1568,3682
2023-12-22 10:08:11,31,34,1568,3682
2023-12-22 10:08:11,31,33,1568,3682
2023-12-22 10:08:54,31,32,1568,3682
2023-12-22 10:09:00,29,32,1568,3692
2023-12-22 10:10:17,30,32,1568,3692
2023-12-22 10:10:31,29,32,1568,3692
2023-12-22 10:10:32,30,32,1568,3692
2023-12-22 10:10:51,31,32,1568,3692
2023-12-22 10:10:58,31,33,1568,3697
2023-12-22 10:11:04,30,33,1568,3697
2023-12-22 10:11:05,31,33,1568,3697
2023-12-22 10:11:06,30,33,1568,3697
2023-12-22 10:11:07,31,33,1568,3697
2023-12-22 10:11:08,30,33,1568,3697
2023-12-22 10:11:10,31,33,1568,3697
2023-12-22 10:11:12,30,33,1568,3697
2023-12-22 10:11:22,30,32,1568,3697
2023-12-22 10:11:23,30,33,1568,3697
2023-12-22 10:11:44,31,33,1568,3697
2023-12-22 10:11:48,31,34,1568,3697
2023-12-22 10:11:59,31,33,1568,3697
2023-12-22 10:12:55,31,32,1568,3697
2023-12-22 10:13:02,30,32,1568,3707
2023-12-22 10:13:27,29,32,1568,3717
2023-12-22 10:13:27,29,31,1568,3717
2023-12-22 10:13:32,28,31,1553,4117
2023-12-22 10:13:33,28,30,1553,4117
2023-12-22 10:13:49,29,30,1553,4117
2023-12-22 10:13:50,29,31,1553,4117
2023-12-22 10:13:59,29,32,1553,4117
2023-12-22 10:14:00,30,32,1553,4117
2023-12-22 10:14:18,29,32,1553,4117
2023-12-22 10:14:20,29,31,1553,4117
2023-12-22 10:14:38,28,31,1553,4117
2023-12-22 10:14:39,29,31,1553,4117
2023-12-22 10:14:56,28,31,1553,4117
2023-12-22 10:15:02,29,31,1553,4117
2023-12-22 10:15:12,29,32,1553,4117
2023-12-22 10:15:12,30,32,1553,4117
2023-12-22 10:15:23,29,32,1553,4117
2023-12-22 10:15:23,29,31,1553,4117
2023-12-22 10:15:28,29,32,1553,4117
2023-12-22 10:15:30,30,32,1553,4117
2023-12-22 10:16:07,30,33,1553,4117
2023-12-22 10:16:32,30,32,1553,4117
2023-12-22 10:16:33,30,33,1553,4117
2023-12-22 10:16:34,30,32,1553,4117
2023-12-22 10:16:35,30,33,1553,4117
2023-12-22 10:17:21,30,32,1553,4117
2023-12-22 10:19:05,30,31,1553,4117
2023-12-22 10:19:31,30,32,1553,4117
2023-12-22 10:19:39,30,33,1660,4224
2023-12-22 10:19:39,30,32,1660,4224
2023-12-22 10:19:39,30,33,1660,4224
2023-12-22 10:19:39,30,32,1660,4224
2023-12-22 10:19:39,30,33,1660,4224
2023-12-22 10:20:00,30,32,1660,4224
2023-12-22 10:20:07,30,33,1660,4224
2023-12-22 10:20:09,31,33,1660,4224
2023-12-22 10:20:15,30,33,1660,4224
2023-12-22 10:20:18,31,33,1660,4224
2023-12-22 10:20:33,32,33,1660,4224
2023-12-22 10:20:35,32,34,1757,4326
2023-12-22 10:20:41,33,34,1757,4326
2023-12-22 10:20:41,33,34,1839,4408
2023-12-22 10:20:42,33,35,1907,4881
2023-12-22 10:21:00,32,35,1907,4881
2023-12-22 10:21:04,32,34,1907,4881
2023-12-22 10:21:18,31,34,1907,4881
2023-12-22 10:21:42,32,34,1907,4881
2023-12-22 10:21:55,31,34,1907,4881
2023-12-22 10:22:15,32,34,1907,4881
2023-12-22 10:22:28,33,34,1907,4881
2023-12-22 10:22:33,33,34,1907,4891
2023-12-22 10:22:54,32,34,1907,4901
2023-12-22 10:24:05,33,34,1907,4901
2023-12-22 10:24:17,33,35,1907,4906
2023-12-22 10:24:25,34,35,1907,4906
2023-12-22 10:24:27,34,36,1907,4906
2023-12-22 10:24:54,33,36,1907,5106
2023-12-22 10:24:55,33,35,1907,5106
2023-12-22 10:24:59,33,36,1907,5106
2023-12-22 10:25:07,34,36,1907,5106
2023-12-22 10:25:52,33,36,1907,5106
2023-12-22 10:26:00,33,35,1907,5106
2023-12-22 10:26:30,33,36,1907,5106
2023-12-22 10:26:53,35,36,1907,5106
2023-12-22 10:26:58,33,36,1907,5111
2023-12-22 10:27:02,33,35,1907,5111
2023-12-22 10:27:10,33,34,1907,5111
2023-12-22 10:27:10,32,34,1917,5121
2023-12-22 10:28:00,32,33,1917,5121
2023-12-22 10:28:07,31,33,1927,5131
2023-12-22 10:28:31,31,32,1927,5131
2023-12-22 10:28:47,30,32,1927,5141
2023-12-22 10:29:09,30,31,1927,5141
2023-12-22 10:29:44,30,32,1927,5146
2023-12-22 10:30:06,29,32,1927,5346
2023-12-22 10:30:07,29,31,1927,5346
2023-12-22 10:30:15,29,31,1927,5846
2023-12-22 10:30:16,29,30,1927,5846
2023-12-22 10:31:00,29,31,1927,6046
2023-12-22 10:31:45,29,31,1927,6546
2023-12-22 10:31:46,30,31,1927,6546
2023-12-22 10:32:58,29,31,1927,6746
2023-12-22 10:33:32,28,31,1927,6756
2023-12-22 10:33:33,28,30,1927,6756
2023-12-22 10:36:52,28,29,1927,6756
2023-12-22 10:37:29,28,29,1927,6756
2023-12-22 10:37:29,28,30,1927,6756
2023-12-22 10:37:37,28,31,1927,6961
2023-12-22 10:37:44,29,31,1927,6961
2023-12-22 10:38:17,30,31,1927,6961
2023-12-22 10:38:19,30,32,1927,6966
2023-12-22 10:38:23,31,32,1927,6966
2023-12-22 10:38:24,31,33,1927,6971
2023-12-22 10:38:29,32,33,1927,6971
2023-12-22 10:38:30,32,34,1927,6971
2023-12-22 10:38:33,32,35,2070,7371
2023-12-22 10:38:34,33,35,2070,7371
2023-12-22 10:39:01,32,35,2070,7371
2023-12-22 10:39:01,33,35,2070,7371
2023-12-22 10:39:30,32,35,2070,7371
2023-12-22 10:39:40,32,34,2070,7371
2023-12-22 10:39:54,32,33,2070,7371
2023-12-22 10:39:57,31,33,2070,7381
2023-12-22 10:40:00,30,33,1927,7791
2023-12-22 10:40:02,30,32,1927,7791
2023-12-22 10:40:10,29,32,1927,7791
2023-12-22 10:40:14,29,31,1927,7791
2023-12-22 10:40:23,29,32,1927,7791
2023-12-22 10:40:24,29,31,1927,7791
2023-12-22 10:40:35,29,32,1927,7791
2023-12-22 10:40:36,29,31,1927,7791
2023-12-22 10:40:44,29,31,1927,8291
2023-12-22 10:40:45,29,30,1927,8291
2023-12-22 10:40:46,28,30,1927,8291
2023-12-22 10:41:02,29,30,1927,8291
2023-12-22 10:41:03,28,30,1927,8291
2023-12-22 10:42:16,28,29,1927,8291
2023-12-22 10:42:19,27,29,1927,8291
2023-12-22 10:42:35,28,29,1927,8291
2023-12-22 10:42:38,28,30,1927,8491
2023-12-22 10:42:59,28,30,2227,8991
2023-12-22 10:43:02,29,30,2227,8991
2023-12-22 10:43:02,29,30,2727,9491
2023-12-22 10:43:05,29,30,3227,9991
2023-12-22 10:43:52,28,30,3227,9991
2023-12-22 10:43:55,29,30,3227,9991
2023-12-22 10:44:07,28,30,3227,9991
2023-12-22 10:45:02,27,30,3227,9991
2023-12-22 10:45:49,28,30,3227,9991
2023-12-22 10:46:03,29,30,3227,9991
2023-12-22 10:46:53,29,30,3727,10491
2023-12-22 10:46:56,29,30,3927,10691
2023-12-22 10:46:58,29,31,3927,10696
2023-12-22 10:49:22,30,31,3927,10696
2023-12-22 10:49:35,30,31,3927,10706
2023-12-22 10:49:36,29,31,3927,10706
2023-12-22 10:49:51,30,31,3927,10706
2023-12-22 10:50:05,30,32,3927,10711
2023-12-22 10:50:11,29,32,3927,10711
2023-12-22 10:50:27,30,32,3927,10711
2023-12-22 10:50:33,31,32,3927,10711
2023-12-22 10:50:34,31,33,3927,10711
2023-12-22 10:50:36,31,32,3927,10711
2023-12-22 10:50:39,31,33,3927,10716
2023-12-22 10:51:03,32,33,3927,10716
2023-12-22 10:51:04,32,34,3927,10716
2023-12-22 10:51:16,32,33,3927,10716
2023-12-22 10:51:17,31,33,3927,10716
2023-12-22 10:51:19,32,33,3927,10716
2023-12-22 10:53:48,32,34,3927,10716
2023-12-22 10:53:52,32,33,3927,10716
2023-12-22 10:55:10,32,34,3927,10716
2023-12-22 10:55:45,32,33,3927,10716
2023-12-22 10:55:55,32,34,3927,10716
2023-12-22 10:56:16,33,34,3927,10716
2023-12-22 10:56:42,33,35,3927,10721
2023-12-22 10:56:45,34,35,3927,10721
2023-12-22 10:56:46,34,36,3927,10726
2023-12-22 10:56:49,35,36,3927,10726
2023-12-22 10:57:04,36,37,3928,10727
2023-12-22 10:57:04,36,38,3928,10727
2023-12-22 10:57:04,36,37,4128,10927
2023-12-22 10:57:07,37,39,4188,10987
2023-12-22 10:57:07,37,39,4308,11107
2023-12-22 10:57:21,36,39,4308,11107
2023-12-22 10:57:23,36,38,4308,11107
2023-12-22 10:57:34,36,39,4308,11107
2023-12-22 10:57:41,37,39,4308,11107
2023-12-22 10:57:54,37,38,4308,11107
2023-12-22 10:57:59,36,38,4308,11117
2023-12-22 10:58:00,36,38,4308,11122
2023-12-22 10:58:07,36,37,4308,11122
2023-12-22 10:58:22,36,38,4308,11122
2023-12-22 10:58:52,36,39,4308,11122
2023-12-22 10:58:58,37,39,4308,11122
2023-12-22 10:59:52,37,39,4308,11132
2023-12-22 10:59:57,38,39,4308,11132
2023-12-22 11:00:01,38,40,4308,11132
2023-12-22 11:00:03,39,40,4308,11132
2023-12-22 11:00:03,39,41,4308,11132
2023-12-22 11:00:04,40,41,4308,11132
2023-12-22 11:00:08,41,42,4309,11133
2023-12-22 11:00:10,41,43,4309,11133
2023-12-22 11:00:11,42,43,4309,11133
2023-12-22 11:00:11,42,44,4309,11133
2023-12-22 11:00:19,43,44,4309,11133
2023-12-22 11:00:33,42,44,4309,11133
2023-12-22 11:00:50,41,44,4309,11133
2023-12-22 11:00:50,41,43,4309,11133
2023-12-22 11:01:22,41,42,4309,11133
2023-12-22 11:02:19,40,42,4309,11133
2023-12-22 11:02:19,40,41,4309,11133
2023-12-22 11:02:24,39,41,4309,11133
2023-12-22 11:02:31,39,42,4309,11133
2023-12-22 11:02:31,39,41,4309,11133
2023-12-22 11:02:31,39,40,4309,11133
2023-12-22 11:02:57,39,40,4309,11208
2023-12-22 11:03:36,39,41,4309,11208
2023-12-22 11:03:45,40,41,4309,11208
2023-12-22 11:03:51,40,41,4309,11218
2023-12-22 11:04:49,40,42,4309,11218
2023-12-22 11:05:09,41,42,4309,11218
2023-12-22 11:05:10,41,43,4309,11218
2023-12-22 11:05:10,41,43,4309,11218
2023-12-22 11:05:42,42,43,4309,11218
2023-12-22 11:05:51,42,44,4309,11218
2023-12-22 11:06:09,42,44,4409,11318
2023-12-22 11:06:39,42,43,4409,11318
2023-12-22 11:07:11,42,44,4409,11318
2023-12-22 11:07:17,43,44,4409,11318
2023-12-22 11:07:39,43,45,4409,11318
2023-12-22 11:07:40,43,44,4409,11318
2023-12-22 11:07:53,43,45,4409,11328
2023-12-22 11:08:02,43,44,4409,11328
2023-12-22 11:08:03,43,44,4409,11338
2023-12-22 11:08:07,41,42,4409,11358
2023-12-22 11:08:07,41,42,4429,11378
2023-12-22 11:08:07,41,42,4528,11477
2023-12-22 11:10:02,40,41,4528,11487
2023-12-22 11:10:09,40,42,4528,11487
2023-12-22 11:12:27,40,41,4528,11487
2023-12-22 11:12:48,38,40,4528,11497
2023-12-22 11:13:52,39,40,4528,11497
2023-12-22 11:13:54,39,41,4528,11497
2023-12-22 11:15:51,39,42,4528,11497
2023-12-22 11:16:03,39,41,4528,11497
2023-12-22 11:16:51,39,40,4528,11497
2023-12-22 11:17:22,39,41,4528,11497
2023-12-22 11:17:52,39,42,4528,11497
2023-12-22 11:17:54,40,42,4528,11497
2023-12-22 11:18:16,40,41,4528,11497
2023-12-22 11:19:24,39,41,4538,11507
2023-12-22 11:20:46,39,40,4538,11507
2023-12-22 11:21:11,38,39,4538,11517
2023-12-22 11:21:12,38,39,4606,11585
2023-12-22 11:21:13,37,39,4606,11585
2023-12-22 11:22:12,37,38,4606,11585
2023-12-22 11:22:14,36,38,4606,11585
2023-12-22 11:22:37,36,39,4606,11585
2023-12-22 11:22:45,36,38,4606,11585
2023-12-22 11:23:00,36,39,4606,11585
2023-12-22 11:23:03,37,39,4606,11585
2023-12-22 11:23:04,37,40,4606,11585
2023-12-22 11:23:06,38,40,4606,11585
2023-12-22 11:23:15,38,41,4606,11585
2023-12-22 11:23:28,39,41,4606,11585
2023-12-22 11:25:14,40,41,4606,11585
2023-12-22 11:25:29,40,42,4606,11590
2023-12-22 11:25:38,41,42,4606,11590
2023-12-22 11:28:16,39,41,4606,11600
2023-12-22 11:28:29,39,42,4606,11600
2023-12-22 11:28:32,39,41,4606,11600
2023-12-22 11:28:50,39,40,4606,11600
2023-12-22 11:28:52,39,41,4606,11600
2023-12-22 11:29:09,39,42,4606,11600
2023-12-22 11:29:15,39,41,4606,11600
2023-12-22 11:30:17,39,40,4606,11600
2023-12-22 11:30:26,38,39,4606,11610
2023-12-22 11:30:52,37,39,4606,11620
2023-12-22 11:31:04,37,38,4606,11620
2023-12-22 11:31:06,37,39,4606,11620
2023-12-22 11:31:08,37,38,4606,11620
2023-12-22 11:31:13,37,39,4606,11620
2023-12-22 11:31:29,37,38,4606,11620
2023-12-22 11:31:53,36,38,4606,11695
2023-12-22 11:31:55,36,37,4606,11695
2023-12-22 11:32:02,35,37,4606,11705
2023-12-22 11:33:44,36,37,4606,11705
2023-12-22 11:33:49,35,37,4606,11705
2023-12-22 11:34:22,36,37,4606,11705
2023-12-22 11:34:55,36,38,4606,11705
2023-12-22 11:35:28,37,38,4606,11705
2023-12-22 11:35:33,37,39,4616,11720
2023-12-22 11:35:33,38,39,4616,11720
2023-12-22 11:35:37,39,41,4616,11725
2023-12-22 11:35:38,39,42,4616,11725
2023-12-22 11:35:44,40,42,4616,11725
2023-12-22 11:36:06,39,42,4616,11725
2023-12-22 11:36:13,40,42,4616,11725
2023-12-22 11:37:27,39,42,4616,11725
2023-12-22 11:37:34,38,41,4616,11725
2023-12-22 11:37:39,39,41,4616,11725
2023-12-22 11:38:02,38,41,4616,11725
2023-12-22 11:38:03,39,41,4616,11725
2023-12-22 11:38:05,38,41,4616,11725
2023-12-22 11:38:13,39,41,4616,11725
2023-12-22 11:38:13,39,42,4616,11725
2023-12-22 11:38:30,40,42,4616,11725
2023-12-22 11:38:36,39,42,4616,11725
2023-12-22 11:38:42,40,42,4616,11725
2023-12-22 11:39:04,41,42,4616,11725
2023-12-22 11:39:08,41,43,4616,11725
2023-12-22 11:39:40,40,43,4616,11725
2023-12-22 11:39:59,40,42,4616,11725
2023-12-22 11:40:07,40,43,4616,11725
2023-12-22 11:40:18,41,43,4616,11725
2023-12-22 11:40:33,41,44,4616,11725
2023-12-22 11:40:46,42,44,4616,11725
2023-12-22 11:40:55,43,44,4616,11725
2023-12-22 11:40:57,43,45,4616,11725
2023-12-22 11:41:11,44,45,4616,11725
2023-12-22 11:41:12,44,46,4616,11725
2023-12-22 11:41:27,43,46,4616,11725
2023-12-22 11:41:28,43,45,4616,11725
2023-12-22 11:41:36,43,46,4616,11725
2023-12-22 11:41:42,44,46,4616,11725
2023-12-22 11:43:07,44,45,4616,11725
2023-12-22 11:43:39,44,46,4616,11725
2023-12-22 11:44:07,44,45,4616,11725
2023-12-22 11:44:24,44,46,4616,11725
2023-12-22 11:44:26,44,45,4616,11725
2023-12-22 11:45:02,44,46,4616,11725
2023-12-22 11:45:39,45,46,4616,11725
2023-12-22 11:45:48,44,46,4616,11725
2023-12-22 11:47:10,44,45,4616,11725
2023-12-22 11:47:21,44,46,4616,11725
2023-12-22 11:47:21,44,45,4616,11725
2023-12-22 11:48:23,44,46,4616,11725
2023-12-22 11:49:44,45,46,4616,11725
2023-12-22 11:49:48,45,47,4616,11725
2023-12-22 11:50:10,45,46,4616,11725
2023-12-22 11:50:22,44,46,4616,11725
2023-12-22 11:50:53,44,47,4616,11725
2023-12-22 11:50:53,44,46,4616,11725
2023-12-22 11:50:57,44,47,4616,11725
2023-12-22 11:51:03,44,46,4616,11725
2023-12-22 11:52:02,44,45,4616,11725
2023-12-22 11:52:06,44,46,4616,11725
2023-12-22 11:52:15,44,46,4616,11735
2023-12-22 11:52:23,45,46,4616,11735
2023-12-22 11:52:37,45,47,4616,11735
2023-12-22 11:53:01,46,47,4616,11735
2023-12-22 11:53:27,45,47,4616,11735
2023-12-22 11:54:38,46,47,4616,11735
2023-12-22 11:55:21,45,46,4616,11745
2023-12-22 11:55:59,43,45,4616,11755
2023-12-22 11:56:11,43,46,4616,11755
2023-12-22 11:56:12,43,45,4616,11755
2023-12-22 11:56:14,43,46,4616,11755
2023-12-22 11:56:16,43,45,4616,11755
2023-12-22 11:56:17,43,46,4616,11755
2023-12-22 11:56:18,43,45,4616,11755
2023-12-22 11:56:22,43,46,4616,11755
2023-12-22 11:56:44,43,45,4616,11755
2023-12-22 11:57:10,43,46,4616,11755
2023-12-22 11:57:23,44,46,4616,11755
2023-12-22 11:57:39,44,47,4616,11755
2023-12-22 11:57:51,44,46,4616,11755
2023-12-22 11:57:52,43,46,4616,11755
2023-12-22 11:58:22,44,46,4616,11755
2023-12-22 11:58:23,44,47,4616,11755
2023-12-22 11:58:24,44,46,4616,11755
2023-12-22 11:58:32,44,47,4616,11755
2023-12-22 11:58:35,43,47,4616,11755
2023-12-22 11:58:35,43,46,4616,11755
2023-12-22 11:58:48,43,47,4616,11755
2023-12-22 11:59:12,44,46,4616,11755
2023-12-22 11:59:34,44,47,4616,11755
2023-12-22 11:59:36,44,46,4616,11755
2023-12-22 11:59:48,44,47,4616,11755
2023-12-22 12:00:07,44,46,4616,11755
2023-12-22 12:00:16,43,46,4616,11755
2023-12-22 12:01:01,43,45,4616,11755
2023-12-22 12:01:13,43,44,4616,11755
2023-12-22 12:01:14,43,45,4616,11755
2023-12-22 12:01:23,43,46,4616,11755
2023-12-22 12:01:23,43,45,4616,11755
2023-12-22 12:01:29,44,45,4616,11755
2023-12-22 12:01:42,44,46,4616,11755
2023-12-22 12:01:44,44,45,4616,11755
2023-12-22 12:02:08,44,46,4616,11755
2023-12-22 12:03:31,44,45,4616,11755
2023-12-22 12:03:57,43,44,4616,11765
2023-12-22 12:04:11,43,45,4616,11765
2023-12-22 12:04:18,43,46,4616,11765
2023-12-22 12:04:39,43,45,4616,11765
2023-12-22 12:04:39,43,44,4616,11765
2023-12-22 12:04:44,43,45,4616,11765
2023-12-22 12:05:17,43,44,4616,11765
2023-12-22 12:05:23,43,45,4616,11765
2023-12-22 12:05:30,43,44,4616,11765
2023-12-22 12:05:59,42,44,4616,11775
2023-12-22 12:06:00,42,43,4616,11775
2023-12-22 12:06:08,41,42,4616,11785
2023-12-22 12:06:08,40,42,4616,11785
2023-12-22 12:06:29,40,41,4616,11785
2023-12-22 12:06:32,39,41,4616,11785
2023-12-22 12:06:42,39,40,4616,11785
2023-12-22 12:06:45,38,40,4616,11785
2023-12-22 12:06:48,38,41,4616,11785
2023-12-22 12:07:04,40,41,4616,11785
2023-12-22 12:07:05,40,42,4616,11785
2023-12-22 12:07:11,41,42,4616,11785
2023-12-22 12:07:17,41,44,4616,11785
2023-12-22 12:07:17,42,44,4616,11785
2023-12-22 12:07:21,42,45,4616,11785
2023-12-22 12:07:24,43,45,4616,11785
2023-12-22 12:07:44,44,45,4616,11785
2023-12-22 12:07:46,44,46,4616,11790
2023-12-22 12:07:48,45,46,4616,11790
2023-12-22 12:07:49,46,47,4626,11805
2023-12-22 12:07:50,47,49,4627,11806
2023-12-22 12:08:12,46,49,4627,11806
2023-12-22 12:08:16,46,48,4627,11806
2023-12-22 12:08:18,45,48,4627,11806
2023-12-22 12:08:32,45,49,4627,11806
2023-12-22 12:08:32,46,49,4627,11806
2023-12-22 12:08:42,46,48,4627,11806
2023-12-22 12:08:43,45,48,4627,11806
2023-12-22 12:08:57,45,47,4627,11806
2023-12-22 12:08:58,45,48,4627,11806
2023-12-22 12:08:58,45,47,4627,11806
2023-12-22 12:09:03,44,47,4627,11806
2023-12-22 12:09:33,45,47,4627,11806
2023-12-22 12:09:34,45,48,4627,11806
2023-12-22 12:09:53,45,49,4627,11806
2023-12-22 12:09:54,46,49,4627,11806
2023-12-22 12:10:12,47,49,4627,11806
2023-12-22 12:10:15,47,50,4627,11806
2023-12-22 12:10:15,48,50,4627,11806
2023-12-22 12:10:34,47,50,4627,11806
2023-12-22 12:12:14,47,49,4627,11806
2023-12-22 12:12:15,47,50,4627,11806
2023-12-22 12:12:18,47,49,4627,11806
2023-12-22 12:12:53,46,49,4627,11806
2023-12-22 12:13:02,46,48,4627,11806
2023-12-22 12:13:30,46,49,4627,11806
2023-12-22 12:13:35,47,49,4627,11806
2023-12-22 12:13:36,46,49,4627,11806
2023-12-22 12:13:38,47,49,4627,11806
2023-12-22 12:13:58,47,50,4627,11806
2023-12-22 12:14:40,48,50,4627,11806
2023-12-22 12:14:41,49,50,4627,11806
2023-12-22 12:14:41,49,51,4627,11806
2023-12-22 12:15:02,50,51,4627,11806
2023-12-22 12:15:04,50,52,4627,11806
2023-12-22 12:15:11,49,52,4627,11806
2023-12-22 12:15:26,49,52,4627,11906
2023-12-22 12:15:40,49,51,4627,11906
2023-12-22 12:15:48,48,51,4627,11906
2023-12-22 12:15:52,48,50,4627,11906
2023-12-22 12:15:53,48,51,4627,11906
2023-12-22 12:15:55,48,50,4627,11906
2023-12-22 12:15:59,47,50,4627,11906
2023-12-22 12:16:09,48,50,4627,11906
2023-12-22 12:16:10,48,51,4627,11906
2023-12-22 12:16:33,48,52,4627,11906
2023-12-22 12:16:33,49,52,4627,11906
2023-12-22 12:17:24,49,51,4627,11906
2023-12-22 12:18:45,49,52,4627,11906
2023-12-22 12:20:13,50,52,4627,11906
2023-12-22 12:21:00,51,52,4627,11906
2023-12-22 12:21:20,50,52,4627,11906
2023-12-22 12:21:44,51,52,4627,11906
2023-12-22 12:21:51,51,53,4627,11906
2023-12-22 12:22:19,52,53,4627,11906
2023-12-22 12:22:50,53,54,4628,11907
2023-12-22 12:23:14,52,53,4628,11916
2023-12-22 12:23:25,52,54,4628,11916
2023-12-22 12:23:49,52,53,4628,11916
2023-12-22 12:25:46,51,52,4628,11926
2023-12-22 12:25:55,50,51,4628,11936
2023-12-22 12:25:58,50,51,4774,12082
2023-12-22 12:26:09,50,52,4774,12082
2023-12-22 12:27:10,50,51,4774,12082
2023-12-22 12:28:22,49,51,4774,12092
2023-12-22 12:28:26,49,50,4774,12092
2023-12-22 12:28:28,48,50,4774,12102
2023-12-22 12:28:45,47,50,4774,12102
2023-12-22 12:28:46,47,49,4774,12102
2023-12-22 12:29:07,47,48,4774,12102
2023-12-22 12:29:21,46,48,4774,12102
2023-12-22 12:30:23,46,49,4774,12102
2023-12-22 12:30:42,46,48,4774,12102
2023-12-22 12:30:45,46,49,4774,12102
2023-12-22 12:30:47,46,48,4774,12102
2023-12-22 12:31:05,46,49,4774,12102
2023-12-22 12:31:39,46,50,4774,12102
2023-12-22 12:31:39,47,50,4774,12102
2023-12-22 12:31:51,47,51,4774,12102
2023-12-22 12:31:52,47,50,4774,12102
2023-12-22 12:32:14,47,51,4774,12102
2023-12-22 12:32:15,48,51,4774,12102
2023-12-22 12:32:31,47,51,4774,12102
2023-12-22 12:32:31,47,50,4774,12102
2023-12-22 12:33:44,47,49,4774,12102
2023-12-22 12:34:01,47,50,4774,12102
2023-12-22 12:34:03,47,49,4774,12102
2023-12-22 12:34:48,47,48,4774,12102
2023-12-22 12:35:04,47,49,4774,12102
2023-12-22 12:35:23,47,48,4774,12102
2023-12-22 12:35:30,47,49,4774,12102
2023-12-22 12:36:06,47,48,4774,12102
2023-12-22 12:36:09,46,47,4774,12112
2023-12-22 12:36:26,44,46,4774,12122
2023-12-22 12:36:46,44,46,4974,12322
2023-12-22 12:36:47,43,46,4974,12322
2023-12-22 12:36:48,43,45,4974,12322
2023-12-22 12:36:56,43,46,4974,12322
2023-12-22 12:36:58,43,45,4974,12322
2023-12-22 12:37:23,43,46,4974,12322
2023-12-22 12:37:48,44,46,4974,12322
2023-12-22 12:38:08,43,46,4974,12322
2023-12-22 12:39:26,43,45,4974,12322
2023-12-22 12:39:29,43,45,4984,12332
2023-12-22 12:40:00,43,44,4984,12332
2023-12-22 12:40:05,43,45,4984,12332
2023-12-22 12:40:07,43,44,4984,12332
2023-12-22 12:40:11,43,44,4984,12432
2023-12-22 12:40:33,42,43,4994,12442
2023-12-22 12:43:12,40,43,5004,12452
2023-12-22 12:43:26,41,43,5004,12452
2023-12-22 12:43:43,41,44,5014,12462
2023-12-22 12:44:12,40,44,5014,12462
2023-12-22 12:44:25,41,44,5014,12462
2023-12-22 12:44:41,40,44,5014,12462
2023-12-22 12:44:44,40,43,5014,12462
2023-12-22 12:44:49,40,42,5014,12462
2023-12-22 12:44:58,40,42,5114,12562
2023-12-22 12:45:00,39,42,5114,12562
2023-12-22 12:45:08,39,41,5114,12562
2023-12-22 12:45:42,38,41,5114,12562
2023-12-22 12:45:46,37,41,5114,12562
2023-12-22 12:46:01,38,41,5114,12562
2023-12-22 12:46:08,37,41,5114,12562
2023-12-22 12:46:11,37,40,5114,12562
2023-12-22 12:46:38,37,39,5114,12562
2023-12-22 12:46:40,36,39,5114,12562
2023-12-22 12:47:27,36,40,5114,12562
2023-12-22 12:47:30,37,40,5114,12562
2023-12-22 12:47:32,37,41,5114,12562
2023-12-22 12:47:46,38,41,5114,12562
2023-12-22 12:48:57,38,40,5114,12562
2023-12-22 12:49:03,38,41,5114,12562
2023-12-22 12:49:06,38,40,5114,12562
2023-12-22 12:49:25,38,41,5114,12562
2023-12-22 12:49:40,39,41,5114,12562
2023-12-22 12:49:45,39,42,5114,12562
2023-12-22 12:50:10,40,42,5114,12562
2023-12-22 12:50:10,40,43,5114,12562
2023-12-22 12:50:26,40,44,5114,12562
2023-12-22 12:50:28,41,44,5114,12562
2023-12-22 12:51:06,41,43,5114,12562
2023-12-22 12:51:08,40,43,5114,12562
2023-12-22 12:51:25,40,42,5114,12562
2023-12-22 12:51:26,39,42,5114,12562
2023-12-22 12:51:46,39,43,5114,12562
2023-12-22 12:51:54,40,43,5114,12562
2023-12-22 12:51:55,40,42,5114,12562
2023-12-22 12:51:57,40,43,5114,12562
2023-12-22 12:51:58,40,42,5114,12562
2023-12-22 12:52:01,39,42,5114,12562
2023-12-22 12:52:08,39,43,5114,12562
2023-12-22 12:52:11,40,43,5114,12562
2023-12-22 12:52:16,41,43,5114,12562
2023-12-22 12:52:21,40,43,5114,12562
2023-12-22 12:52:31,39,43,5114,12562
2023-12-22 12:52:36,39,42,5114,12562
2023-12-22 12:53:05,39,43,5114,12562
2023-12-22 12:53:14,40,43,5114,12562
2023-12-22 12:53:14,41,43,5114,12562
2023-12-22 12:54:00,41,42,5114,12562
2023-12-22 12:54:22,41,42,5114,12572
2023-12-22 12:54:32,38,41,5114,12582
2023-12-22 12:54:34,38,40,5114,12582
2023-12-22 12:54:35,38,41,5114,12582
2023-12-22 12:55:25,39,41,5114,12582
2023-12-22 12:55:28,38,41,5114,12582
2023-12-22 12:55:53,38,42,5114,12582
2023-12-22 12:56:05,39,42,5114,12582
2023-12-22 12:56:08,39,43,5114,12582
2023-12-22 12:56:09,40,43,5114,12582
2023-12-22 12:56:52,41,43,5114,12582
2023-12-22 12:56:54,41,44,5114,12582
2023-12-22 12:57:23,40,44,5114,12582
2023-12-22 12:57:32,40,43,5114,12582
2023-12-22 12:58:04,40,42,5114,12582
2023-12-22 12:58:06,39,43,5114,12582
2023-12-22 12:58:07,39,42,5114,12582
2023-12-22 12:58:34,38,42,5114,12582
2023-12-22 12:58:49,38,41,5114,12582
2023-12-22 12:58:54,38,42,5114,12582
2023-12-22 12:58:57,38,41,5114,12582
2023-12-22 12:59:01,38,42,5114,12582
2023-12-22 12:59:03,38,41,5114,12582
2023-12-22 12:59:10,38,40,5114,12582
2023-12-22 13:00:37,38,39,5114,12582
2023-12-22 13:00:40,38,40,5114,12582
2023-12-22 13:00:41,38,39,5114,12582
2023-12-22 13:00:48,36,39,5114,12592
2023-12-22 13:01:03,36,40,5114,12592
2023-12-22 13:01:08,37,40,5114,12592
2023-12-22 13:01:23,38,40,5114,12592
2023-12-22 13:01:24,38,42,5114,12592
2023-12-22 13:01:25,39,42,5114,12592
2023-12-22 13:02:09,38,42,5114,12592
2023-12-22 13:02:09,38,41,5114,12592
2023-12-22 13:02:39,38,41,5114,12602
2023-12-22 13:02:46,40,41,5114,12602
2023-12-22 13:02:49,38,40,5114,12612
2023-12-22 13:02:53,38,41,5114,12612
2023-12-22 13:02:54,38,40,5114,12612
2023-12-22 13:03:57,38,41,5114,12612
2023-12-22 13:04:00,38,40,5114,12612
2023-12-22 13:04:03,38,41,5114,12612
2023-12-22 13:04:05,38,40,5114,12612
2023-12-22 13:04:41,38,39,5114,12612
2023-12-22 13:05:04,37,38,5114,12622
2023-12-22 13:05:04,37,39,5114,12622
2023-12-22 13:05:17,35,37,5114,12632
2023-12-22 13:07:29,35,36,5114,12632
2023-12-22 13:07:29,35,36,5114,12633
2023-12-22 13:07:40,34,35,5114,12643
2023-12-22 13:07:40,34,36,5114,12643
2023-12-22 13:07:41,34,35,5114,12643
2023-12-22 13:08:36,32,35,5124,12653
2023-12-22 13:09:45,32,36,5124,12653
2023-12-22 13:09:56,32,35,5124,12653
2023-12-22 13:09:58,32,36,5124,12653
2023-12-22 13:10:01,33,36,5124,12653
2023-12-22 13:10:03,32,36,5124,12653
2023-12-22 13:10:04,33,36,5124,12653
2023-12-22 13:10:07,32,36,5124,12653
2023-12-22 13:10:09,33,36,5124,12653
2023-12-22 13:10:12,33,35,5124,12653
2023-12-22 13:10:13,32,35,5124,12653
2023-12-22 13:10:19,32,36,5124,12653
2023-12-22 13:10:34,33,36,5124,12653
2023-12-22 13:10:40,34,36,5124,12653
2023-12-22 13:10:41,32,36,5124,12653
2023-12-22 13:10:41,33,36,5124,12653
2023-12-22 13:10:42,32,36,5124,12653
2023-12-22 13:10:44,34,36,5124,12653
2023-12-22 13:10:45,32,36,5124,12653
2023-12-22 13:10:53,32,35,5124,12653
2023-12-22 13:11:22,32,34,5124,12653
2023-12-22 13:11:24,32,35,5124,12653
2023-12-22 13:11:27,32,34,5124,12653
2023-12-22 13:11:28,32,35,5124,12653
2023-12-22 13:11:43,32,34,5124,12653
2023-12-22 13:11:46,31,34,5124,12653
2023-12-22 13:12:07,31,33,5124,12653
2023-12-22 13:12:08,30,33,5124,12653
2023-12-22 13:12:32,30,34,5124,12653
2023-12-22 13:12:33,31,34,5124,12653
2023-12-22 13:12:49,30,34,5124,12653
2023-12-22 13:13:00,31,34,5124,12653
2023-12-22 13:13:14,31,33,5124,12653
2023-12-22 13:13:15,30,33,5124,12653
2023-12-22 13:13:33,30,32,5124,12653
2023-12-22 13:13:44,29,32,5124,12653
2023-12-22 13:13:48,29,31,5124,12653
2023-12-22 13:14:38,30,31,5124,12653
2023-12-22 13:14:49,29,31,5124,12653
2023-12-22 13:14:51,30,31,5124,12653
2023-12-22 13:14:52,29,31,5124,12653
2023-12-22 13:14:53,30,31,5124,12653
2023-12-22 13:14:55,29,31,5124,12653
2023-12-22 13:14:57,30,31,5124,12653
2023-12-22 13:14:58,29,31,5124,12653
2023-12-22 13:15:18,29,32,5124,12658
2023-12-22 13:15:19,30,32,5124,12658
2023-12-22 13:15:20,29,32,5124,12658
2023-12-22 13:15:30,29,31,5124,12658
2023-12-22 13:15:42,28,31,5124,12658
2023-12-22 13:15:48,29,31,5124,12658
2023-12-22 13:15:48,29,30,5124,12658
2023-12-22 13:15:49,29,31,5124,12663
2023-12-22 13:15:59,29,30,5124,12663
2023-12-22 13:16:00,28,30,5124,12663
2023-12-22 13:16:00,29,30,5124,12663
2023-12-22 13:16:00,29,31,5124,12668
2023-12-22 13:16:16,30,31,5124,12668
2023-12-22 13:16:17,29,31,5124,12668
2023-12-22 13:16:19,30,31,5124,12668
2023-12-22 13:16:26,29,31,5124,12668
2023-12-22 13:16:27,30,31,5124,12668
2023-12-22 13:16:29,29,31,5124,12668
2023-12-22 13:16:32,30,31,5124,12668
2023-12-22 13:16:53,30,32,5124,12673
2023-12-22 13:17:04,29,32,5124,12673
2023-12-22 13:17:05,30,32,5124,12673
2023-12-22 13:17:19,30,33,5124,12678
2023-12-22 13:17:57,31,33,5124,12678
2023-12-22 13:18:00,31,34,5124,12683
2023-12-22 13:18:04,31,35,5124,12683
2023-12-22 13:18:11,31,34,5124,12683
2023-12-22 13:18:13,33,34,5124,12683
2023-12-22 13:18:15,31,33,5124,12693
2023-12-22 13:18:15,31,34,5124,12693
2023-12-22 13:18:17,31,33,5124,12693
2023-12-22 13:18:34,31,34,5124,12693
2023-12-22 13:18:39,31,33,5124,12693
2023-12-22 13:18:39,31,34,5124,12693
2023-12-22 13:18:41,31,33,5124,12693
2023-12-22 13:18:48,31,34,5124,12693
2023-12-22 13:19:46,31,33,5124,12693
2023-12-22 13:19:48,31,34,5124,12693
2023-12-22 13:20:42,31,33,5124,12693
2023-12-22 13:20:43,31,34,5124,12693
2023-12-22 13:20:44,31,33,5124,12693
2023-12-22 13:20:49,31,34,5124,12693
2023-12-22 13:21:07,31,33,5124,12693
2023-12-22 13:21:10,31,34,5124,12693
2023-12-22 13:22:06,31,33,5124,12693
2023-12-22 13:22:07,31,34,5124,12693
2023-12-22 13:22:10,31,33,5124,12693
2023-12-22 13:22:22,31,32,5124,12693
2023-12-22 13:22:25,31,33,5124,12693
2023-12-22 13:22:25,31,32,5124,12693
2023-12-22 13:22:25,28,32,5134,12703
2023-12-22 13:22:25,28,31,5134,12703
2023-12-22 13:22:25,28,32,5134,12703
2023-12-22 13:22:50,29,32,5134,12703
2023-12-22 13:23:05,30,32,5134,12703
2023-12-22 13:23:20,29,32,5134,12703
2023-12-22 13:23:20,30,32,5134,12703
2023-12-22 13:23:37,30,33,5134,12703
2023-12-22 13:24:05,30,32,5134,12703
2023-12-22 13:24:05,28,32,5134,12703
2023-12-22 13:24:05,29,32,5134,12703
2023-12-22 13:24:12,30,32,5134,12703
2023-12-22 13:24:51,30,33,5134,12703
2023-12-22 13:25:52,30,34,5134,12703
2023-12-22 13:25:55,31,34,5134,12703
2023-12-22 13:26:03,30,34,5134,12703
2023-12-22 13:26:33,31,34,5134,12703
2023-12-22 13:27:14,31,34,5134,12708
2023-12-22 13:27:21,31,33,5134,12708
2023-12-22 13:27:59,31,34,5134,12713
2023-12-22 13:28:22,31,33,5134,12713
2023-12-22 13:28:26,31,32,5134,12713
2023-12-22 13:28:33,30,31,5134,12723
2023-12-22 13:28:33,30,32,5134,12723
2023-12-22 13:28:46,30,31,5134,12723
2023-12-22 13:28:48,28,30,5134,12733
2023-12-22 13:28:48,28,31,5134,12733
2023-12-22 13:28:56,28,30,5134,12733
2023-12-22 13:29:00,28,30,5134,12738
2023-12-22 13:29:29,29,30,5134,12738
2023-12-22 13:29:45,29,31,5134,12743
2023-12-22 13:29:56,29,32,5134,12948
2023-12-22 13:29:59,30,32,5134,12948
2023-12-22 13:30:01,29,32,5134,12948
2023-12-22 13:30:42,29,31,5134,12948
2023-12-22 13:30:45,28,31,5134,12948
2023-12-22 13:31:00,28,32,5134,12948
2023-12-22 13:31:00,28,30,5134,12948
2023-12-22 13:31:02,28,32,5134,12948
2023-12-22 13:31:02,28,31,5134,12948
2023-12-22 13:31:06,28,30,5134,12948
2023-12-22 13:31:15,28,29,5134,12948
2023-12-22 13:31:15,28,31,5134,12948
2023-12-22 13:31:15,28,30,5134,12948
2023-12-22 13:31:45,28,31,5134,12948
2023-12-22 13:31:47,28,30,5134,12948
2023-12-22 13:32:11,28,31,5134,12953
2023-12-22 13:32:17,29,31,5134,12953
2023-12-22 13:32:17,29,32,5134,12958
2023-12-22 13:32:18,28,32,5134,12958
2023-12-22 13:32:20,29,32,5134,12958
2023-12-22 13:32:28,28,32,5134,12958
2023-12-22 13:32:35,28,31,5134,12958
2023-12-22 13:33:10,28,32,5134,12958
2023-12-22 13:33:15,29,32,5134,12958
2023-12-22 13:33:39,29,31,5134,12958
2023-12-22 13:33:39,28,31,5134,12958
2023-12-22 13:33:46,28,30,5134,12958
2023-12-22 13:35:32,28,29,5134,12958
2023-12-22 13:37:19,28,30,5134,12958
2023-12-22 13:37:32,28,31,5134,12958
2023-12-22 13:37:52,28,32,5134,12958
2023-12-22 13:38:09,28,33,5139,12963
2023-12-22 13:38:10,28,32,5139,12963
2023-12-22 13:38:11,28,33,5544,13368
2023-12-22 13:38:12,30,33,5544,13368
2023-12-22 13:38:15,31,33,5544,13368
2023-12-22 13:38:15,31,34,5634,13512
2023-12-22 13:38:17,31,35,5634,13512
2023-12-22 13:38:19,31,34,5634,13512
2023-12-22 13:38:26,30,34,5634,13512
2023-12-22 13:38:50,30,33,5634,13512
2023-12-22 13:38:54,30,34,5634,13512
2023-12-22 13:39:05,28,34,5634,13512
2023-12-22 13:39:05,29,34,5634,13512
2023-12-22 13:39:14,28,34,5634,13512
2023-12-22 13:39:15,28,33,5634,13512
2023-12-22 13:39:30,29,33,5634,13512
2023-12-22 13:39:41,30,33,5634,13512
2023-12-22 13:39:52,29,33,5634,13512
2023-12-22 13:39:54,30,33,5634,13512
2023-12-22 13:39:55,29,33,5634,13512
2023-12-22 13:40:32,30,33,5634,13512
2023-12-22 13:40:32,30,34,5634,13517
2023-12-22 13:40:34,29,34,5634,13517
2023-12-22 13:40:41,30,34,5634,13517
2023-12-22 13:40:49,30,35,5634,13522
2023-12-22 13:40:57,32,35,5634,13522
2023-12-22 13:40:58,32,36,5634,13522
2023-12-22 13:41:08,32,35,5634,13522
2023-12-22 13:42:05,33,35,5634,13522
2023-12-22 13:42:05,33,36,5634,13527
2023-12-22 13:42:10,33,37,5634,13532
2023-12-22 13:42:38,33,39,5634,13532
2023-12-22 13:42:38,35,39,5634,13532
2023-12-22 13:42:39,36,39,5634,13532
2023-12-22 13:42:39,36,40,5634,13532
2023-12-22 13:43:04,37,40,5634,13532
2023-12-22 13:43:06,37,39,5634,13532
2023-12-22 13:43:06,38,39,5634,13532
2023-12-22 13:43:13,38,40,5634,13532
2023-12-22 13:43:20,38,39,5634,13532
2023-12-22 13:43:23,38,40,5634,13532
2023-12-22 13:43:24,38,39,5634,13532
2023-12-22 13:43:27,38,40,5634,13532
2023-12-22 13:43:28,36,40,5644,13542
2023-12-22 13:43:36,36,38,5644,13542
2023-12-22 13:43:43,36,40,5644,13542
2023-12-22 13:43:52,36,38,5644,13542
2023-12-22 13:43:57,36,37,5644,13542
2023-12-22 13:44:04,33,37,5644,13552
2023-12-22 13:44:11,32,37,5644,13552
2023-12-22 13:44:11,32,36,5644,13552
2023-12-22 13:44:17,32,35,5644,13552
2023-12-22 13:44:21,32,34,5644,13552
2023-12-22 13:44:22,32,35,5644,13552
2023-12-22 13:44:28,32,34,5644,13552
2023-12-22 13:44:30,32,35,5644,13552
2023-12-22 13:45:07,32,36,5644,13552
2023-12-22 13:45:19,32,35,5644,13552
2023-12-22 13:45:20,32,36,5644,13552
2023-12-22 13:45:22,33,36,5644,13552
2023-12-22 13:45:22,33,37,5644,13552
2023-12-22 13:45:30,33,38,5644,13552
2023-12-22 13:45:30,34,38,5644,13552
2023-12-22 13:45:44,33,38,5644,13552
2023-12-22 13:45:44,33,37,5644,13552
2023-12-22 13:45:52,32,37,5644,13552
2023-12-22 13:45:54,32,36,5644,13552
2023-12-22 13:46:13,32,35,5644,13552
2023-12-22 13:46:52,32,34,5644,13552
2023-12-22 13:46:54,32,35,5644,13552
2023-12-22 13:47:09,32,34,5644,13552
2023-12-22 13:47:34,32,35,5644,13552
2023-12-22 13:47:36,32,34,5644,13552
2023-12-22 13:47:44,32,33,5644,13552
2023-12-22 13:47:46,31,33,5649,13557
2023-12-22 13:48:04,31,34,5649,13557
2023-12-22 13:48:06,31,33,5649,13557
2023-12-22 13:48:10,31,34,5649,13557
2023-12-22 13:48:11,31,33,5649,13557
2023-12-22 13:48:19,31,32,5649,13557
2023-12-22 13:48:19,29,32,5654,13562
2023-12-22 13:48:23,29,33,5654,13562
2023-12-22 13:48:34,29,32,5654,13562
2023-12-22 13:48:37,29,33,5654,13562
2023-12-22 13:48:54,29,32,5654,13562
2023-12-22 13:49:25,28,32,5654,13562
2023-12-22 13:49:26,28,31,5654,13562
2023-12-22 13:49:29,28,32,5654,13562
2023-12-22 13:49:30,28,31,5654,13562
2023-12-22 13:49:36,28,32,5654,13562
2023-12-22 13:49:37,28,31,5654,13562
2023-12-22 13:49:43,28,32,5654,13562
2023-12-22 13:50:08,28,31,5654,13562
2023-12-22 13:50:17,26,31,5654,13562
2023-12-22 13:50:25,27,31,5654,13562
2023-12-22 13:50:30,26,31,5654,13562
2023-12-22 13:50:36,26,30,5654,13562
2023-12-22 13:50:47,26,31,5654,13562
2023-12-22 13:50:52,27,31,5654,13562
2023-12-22 13:51:01,28,31,5654,13562
2023-12-22 13:51:04,29,31,5654,13562
2023-12-22 13:51:07,28,31,5654,13562
2023-12-22 13:51:18,29,31,5654,13562
2023-12-22 13:51:27,29,33,5654,13567
2023-12-22 13:51:31,30,33,5654,13567
2023-12-22 13:51:40,32,33,5654,13567
2023-12-22 13:51:41,32,36,5654,13572
2023-12-22 13:51:41,32,35,5654,13572
2023-12-22 13:52:16,34,35,5654,13572
2023-12-22 13:52:17,34,36,5654,13572
2023-12-22 13:52:17,34,36,5659,13577
2023-12-22 13:52:21,32,36,5659,13577
2023-12-22 13:52:22,34,36,5659,13577
2023-12-22 13:52:24,32,36,5659,13577
2023-12-22 13:52:26,33,36,5659,13577
2023-12-22 13:52:27,32,36,5659,13577
2023-12-22 13:52:30,33,36,5659,13577
2023-12-22 13:52:34,32,36,5659,13577
2023-12-22 13:52:40,33,36,5659,13577
2023-12-22 13:52:41,32,36,5659,13577
2023-12-22 13:54:44,33,36,5659,13577
2023-12-22 13:54:57,33,34,5659,13577
2023-12-22 13:54:59,33,36,5659,13582
2023-12-22 13:55:03,34,36,5659,13582
2023-12-22 13:55:04,34,35,5659,13582
2023-12-22 13:55:12,33,35,5659,13582
2023-12-22 13:55:16,33,36,5659,13587
2023-12-22 13:55:18,34,36,5659,13587
2023-12-22 13:55:31,33,36,5659,13587
2023-12-22 13:55:32,34,36,5659,13587
2023-12-22 13:55:35,34,35,5659,13587
2023-12-22 13:55:36,33,35,5659,13587
2023-12-22 13:55:42,34,35,5659,13587
2023-12-22 13:55:43,33,35,5659,13587
2023-12-22 13:55:47,33,36,5659,13592
2023-12-22 13:55:49,34,36,5659,13592
2023-12-22 13:55:54,34,35,5659,13592
2023-12-22 13:55:56,33,35,5659,13592
2023-12-22 13:55:58,34,35,5659,13592
2023-12-22 13:56:00,33,35,5659,13592
2023-12-22 13:56:01,34,35,5659,13592
2023-12-22 13:56:01,34,35,5659,13597
2023-12-22 13:56:02,33,35,5659,13597
2023-12-22 13:56:16,32,35,5659,13597
2023-12-22 13:56:32,32,34,5659,13597
2023-12-22 13:56:37,32,33,5659,13597
2023-12-22 13:56:40,32,34,5659,13602
2023-12-22 13:56:42,33,34,5659,13602
2023-12-22 13:56:49,32,34,5659,13602
2023-12-22 13:57:04,33,34,5659,13602
2023-12-22 13:57:06,33,35,5659,13607
2023-12-22 13:58:02,34,35,5659,13607
2023-12-22 13:58:04,34,36,5659,13612
2023-12-22 13:58:20,33,36,5659,13612
2023-12-22 13:58:37,35,36,5659,13612
2023-12-22 13:58:37,35,36,5664,13617
2023-12-22 13:58:39,33,36,5664,13617
2023-12-22 13:58:41,34,36,5664,13617
2023-12-22 13:58:48,35,36,5664,13617
2023-12-22 13:58:49,34,36,5664,13617
2023-12-22 13:58:50,35,36,5664,13617
2023-12-22 13:58:51,34,36,5664,13617
2023-12-22 13:58:57,34,37,5664,13622
2023-12-22 13:59:05,35,37,5664,13622
2023-12-22 13:59:11,35,38,5664,13627
2023-12-22 13:59:11,35,40,5664,13627
2023-12-22 13:59:11,35,38,5664,13627
2023-12-22 13:59:11,35,39,5664,13627
2023-12-22 13:59:30,36,39,5664,13627
2023-12-22 13:59:34,36,41,5664,13627
2023-12-22 13:59:34,36,40,5664,13627
2023-12-22 13:59:39,37,40,5664,13627
2023-12-22 13:59:40,37,41,5664,13627
2023-12-22 13:59:45,37,42,5664,13627
2023-12-22 14:00:06,39,42,5664,13627
2023-12-22 14:00:06,39,43,5664,13627
2023-12-22 14:00:19,40,43,5664,13627
2023-12-22 14:00:22,39,43,5664,13627
2023-12-22 14:00:26,40,43,5664,13627
2023-12-22 14:00:41,40,44,5664,13627
2023-12-22 14:00:49,41,44,5664,13627
2023-12-22 14:00:49,41,45,5664,13627
2023-12-22 14:01:03,40,45,5664,13627
2023-12-22 14:01:05,40,44,5664,13627
2023-12-22 14:01:07,40,43,5664,13627
2023-12-22 14:01:25,40,42,5664,13627
2023-12-22 14:01:55,39,42,5664,13632
2023-12-22 14:02:08,40,42,5664,13632
2023-12-22 14:02:09,41,42,5664,13632
2023-12-22 14:02:09,41,43,5664,13637
2023-12-22 14:02:16,42,43,5664,13637
2023-12-22 14:02:20,42,45,5664,13642
2023-12-22 14:02:26,42,46,5664,13642
2023-12-22 14:02:27,44,46,5664,13642
2023-12-22 14:02:27,44,48,5664,13642
2023-12-22 14:02:53,44,48,5664,13642
2023-12-22 14:02:55,45,48,5664,13642
2023-12-22 14:02:57,44,48,5664,13642
2023-12-22 14:02:59,45,48,5664,13642
2023-12-22 14:03:01,44,48,5664,13642
2023-12-22 14:03:25,45,48,5664,13642
2023-12-22 14:03:27,45,49,5664,13642
2023-12-22 14:03:28,46,49,5664,13642
2023-12-22 14:03:29,46,50,5664,13642
2023-12-22 14:03:30,47,50,5664,13642
2023-12-22 14:03:38,48,50,5664,13642
2023-12-22 14:03:42,47,50,5664,13642
2023-12-22 14:04:00,48,50,5664,13642
2023-12-22 14:04:02,48,52,5664,13642
2023-12-22 14:04:02,49,52,5664,13642
2023-12-22 14:04:26,49,53,5664,13642
2023-12-22 14:04:29,50,53,5664,13642
2023-12-22 14:04:36,50,54,5664,13642
2023-12-22 14:04:40,51,54,5664,13642
2023-12-22 14:04:49,51,55,5664,13642
2023-12-22 14:04:49,52,55,5664,13642
2023-12-22 14:04:58,52,56,5664,13642
2023-12-22 14:04:58,53,56,5664,13642
2023-12-22 14:05:14,54,56,5664,13642
2023-12-22 14:05:15,54,59,5664,13642
2023-12-22 14:05:15,55,59,5664,13642
2023-12-22 14:05:15,55,60,5664,13642
2023-12-22 14:05:16,59,60,5664,13642
2023-12-22 14:05:20,61,63,5665,13643
2023-12-22 14:05:20,61,62,5665,13643
2023-12-22 14:05:21,61,64,5865,13843
2023-12-22 14:05:22,62,64,5865,13843
2023-12-22 14:05:22,63,65,5865,13843
2023-12-22 14:05:23,65,67,5965,13943
2023-12-22 14:05:23,65,67,6145,14123
2023-12-22 14:05:23,65,67,6245,14223
2023-12-22 14:05:25,63,67,6245,14223
2023-12-22 14:05:27,63,67,6245,14223
2023-12-22 14:05:28,64,67,6245,14223
2023-12-22 14:05:28,65,67,6245,14223
2023-12-22 14:05:29,67,68,6246,14224
2023-12-22 14:05:32,68,69,6250,14228
2023-12-22 14:05:32,68,70,6250,14228
2023-12-22 14:05:33,68,72,6450,14428
2023-12-22 14:05:33,69,72,6450,14428
2023-12-22 14:05:35,69,71,6450,14428
2023-12-22 14:05:43,68,71,6450,14428
2023-12-22 14:05:44,68,70,6450,14428
2023-12-22 14:05:46,68,69,6450,14428
2023-12-22 14:05:50,67,69,6700,14678
2023-12-22 14:05:51,68,69,6700,14678
2023-12-22 14:05:52,68,70,6700,14678
2023-12-22 14:05:53,67,70,6700,15124
2023-12-22 14:05:54,67,71,6700,15124
2023-12-22 14:05:54,68,71,6700,15124
2023-12-22 14:05:54,69,71,6700,15124
2023-12-22 14:05:55,67,71,6700,15624
2023-12-22 14:05:55,68,71,6700,15624
2023-12-22 14:05:56,67,71,6700,15624
2023-12-22 14:05:56,67,70,6700,15624
2023-12-22 14:06:01,67,69,6700,15624
2023-12-22 14:06:01,66,69,6700,16020
2023-12-22 14:06:02,66,68,6700,16020
2023-12-22 14:06:02,65,68,6700,16270
2023-12-22 14:06:04,64,68,6700,16520
2023-12-22 14:06:06,61,68,6700,16520
2023-12-22 14:06:06,62,68,6700,16520
2023-12-22 14:06:06,63,68,6700,16520
2023-12-22 14:06:06,62,68,6700,16520
2023-12-22 14:06:07,62,67,6700,16520
2023-12-22 14:06:10,61,67,6700,16520
2023-12-22 14:06:10,61,66,6700,16520
2023-12-22 14:06:13,61,65,6700,16520
2023-12-22 14:06:13,60,65,6700,16520
2023-12-22 14:06:14,60,64,6700,16520
2023-12-22 14:06:14,60,63,6700,16520
2023-12-22 14:06:15,59,63,6700,16520
2023-12-22 14:06:20,60,63,6700,16520
2023-12-22 14:06:22,59,63,6700,16520
2023-12-22 14:06:24,58,63,6700,16520
2023-12-22 14:06:34,57,63,6700,16520
2023-12-22 14:06:35,58,63,6700,16520
2023-12-22 14:06:40,57,63,6700,16520
2023-12-22 14:06:45,56,63,6700,16520
2023-12-22 14:06:46,56,62,6700,16520
2023-12-22 14:06:50,55,62,6700,16520
2023-12-22 14:06:52,55,60,6700,16520
2023-12-22 14:06:52,53,59,6700,16520
2023-12-22 14:06:53,53,58,6700,16520
2023-12-22 14:06:53,52,58,6700,16520
2023-12-22 14:06:54,52,59,6700,16520
2023-12-22 14:07:05,53,59,6700,16520
2023-12-22 14:07:05,53,61,6700,16520
2023-12-22 14:07:14,53,62,6700,16520
2023-12-22 14:07:16,55,62,6700,16520
2023-12-22 14:07:29,55,61,6700,16520
2023-12-22 14:07:29,53,61,6700,16520
2023-12-22 14:07:31,52,61,6700,16520
2023-12-22 14:07:40,53,61,6700,16520
2023-12-22 14:07:44,54,61,6700,16520
2023-12-22 14:07:55,55,61,6700,16520
2023-12-22 14:08:00,55,60,6700,16520
2023-12-22 14:08:05,55,59,6700,16520
2023-12-22 14:08:06,50,59,6700,16520
2023-12-22 14:08:06,51,59,6700,16520
2023-12-22 14:08:06,52,59,6700,16520
2023-12-22 14:08:06,53,59,6700,16520
2023-12-22 14:08:16,53,61,6700,16520
2023-12-22 14:08:16,53,60,6700,16520
2023-12-22 14:08:24,54,60,6700,16520
2023-12-22 14:08:24,55,60,6700,16520
2023-12-22 14:08:37,55,59,6700,16520
2023-12-22 14:09:11,55,58,6700,16520
2023-12-22 14:09:21,55,58,6700,17020
2023-12-22 14:09:27,54,58,6700,17020
2023-12-22 14:09:27,56,58,6700,17020
2023-12-22 14:09:30,54,58,6700,17020
2023-12-22 14:09:30,55,58,6700,17020
2023-12-22 14:09:36,55,58,6700,17520
2023-12-22 14:10:04,51,58,6700,17520
2023-12-22 14:10:04,52,58,6700,17520
2023-12-22 14:10:09,53,58,6700,17520
2023-12-22 14:10:09,54,58,6700,17520
2023-12-22 14:10:09,53,58,6700,17520
2023-12-22 14:10:09,54,58,6700,17520
2023-12-22 14:10:11,53,58,6700,17520
2023-12-22 14:10:12,54,58,6700,17520
2023-12-22 14:10:16,53,58,6700,17520
2023-12-22 14:10:17,53,57,6700,17520
2023-12-22 14:10:28,54,57,6700,17520
2023-12-22 14:10:37,54,58,6700,17520
2023-12-22 14:10:37,54,56,6700,17520
2023-12-22 14:10:44,54,57,6700,18020
2023-12-22 14:11:14,55,57,6700,18020
2023-12-22 14:12:03,53,57,6700,18020
2023-12-22 14:12:03,56,57,6700,18020
2023-12-22 14:12:46,54,57,6700,18020
2023-12-22 14:12:46,56,57,6700,18020
2023-12-22 14:12:46,54,57,6700,18020
2023-12-22 14:12:46,56,57,6700,18020
2023-12-22 14:13:20,54,57,6700,18020
2023-12-22 14:13:20,55,57,6700,18020
2023-12-22 14:13:30,54,57,6700,18020
2023-12-22 14:13:30,56,57,6700,18020
2023-12-22 14:13:30,54,57,6700,18020
2023-12-22 14:13:30,56,57,6700,18020
2023-12-22 14:13:30,54,57,6700,18020
2023-12-22 14:13:30,56,57,6700,18020
2023-12-22 14:14:31,53,57,6700,18020
2023-12-22 14:14:31,56,57,6700,18020
2023-12-22 14:15:04,53,57,6700,18020
2023-12-22 14:15:04,56,57,6700,18020
2023-12-22 14:15:18,53,57,6700,18020
2023-12-22 14:15:18,56,57,6700,18020
2023-12-22 14:15:18,53,57,6700,18020
2023-12-22 14:15:18,56,57,6700,18020
2023-12-22 14:16:31,56,58,6700,18025
2023-12-22 14:16:46,56,60,6700,18030
2023-12-22 14:16:58,56,61,6700,18030
2023-12-22 14:17:05,55,61,6700,18030
2023-12-22 14:17:05,57,61,6700,18030
2023-12-22 14:17:25,55,61,6700,18030
2023-12-22 14:18:05,56,61,6700,18030
2023-12-22 14:18:05,55,61,6700,18030
2023-12-22 14:18:06,55,60,6700,18030
2023-12-22 14:18:26,55,56,6700,18030
2023-12-22 14:19:07,54,56,6700,18030
2023-12-22 14:19:25,54,59,6700,18035
2023-12-22 14:19:28,55,59,6700,18035
2023-12-22 14:20:39,54,59,6700,18035
2023-12-22 14:20:39,56,59,6700,18035
2023-12-22 14:21:44,56,58,6700,18035
2023-12-22 14:21:50,56,57,6700,18035
2023-12-22 14:23:07,54,57,6700,18035
2023-12-22 14:23:07,56,57,6700,18035
2023-12-22 14:23:10,54,57,6700,18035
2023-12-22 14:23:10,56,57,6700,18035
2023-12-22 14:23:11,54,57,6700,18035
2023-12-22 14:23:24,53,57,6700,18035
2023-12-22 14:23:28,53,56,6700,18035
2023-12-22 14:23:33,53,55,6700,18035
2023-12-22 14:23:39,53,54,6700,18035
2023-12-22 14:23:50,52,54,6700,18035
2023-12-22 14:23:58,51,54,6700,18035
2023-12-22 14:24:02,52,54,6700,18035
2023-12-22 14:24:03,52,54,6700,18135
2023-12-22 14:24:03,51,54,6757,18235
2023-12-22 14:24:03,51,53,6757,18235
2023-12-22 14:24:03,52,53,6757,18235
2023-12-22 14:24:06,52,53,6757,18285
2023-12-22 14:24:06,49,53,6757,18285
2023-12-22 14:24:06,49,52,6757,18285
2023-12-22 14:24:06,49,51,6757,18285
2023-12-22 14:24:06,50,51,6757,18285
2023-12-22 14:24:09,49,51,6757,18285
2023-12-22 14:24:09,50,51,6757,18285
2023-12-22 14:24:10,49,51,6757,18285
2023-12-22 14:24:16,48,51,6757,18285
2023-12-22 14:24:16,48,51,6847,18375
2023-12-22 14:24:19,48,50,6847,18375
2023-12-22 14:24:20,48,51,6847,18375
2023-12-22 14:24:26,49,51,6847,18375
2023-12-22 14:24:28,48,51,6847,18375
2023-12-22 14:24:30,48,50,6847,18375
2023-12-22 14:24:35,47,50,6847,18375
2023-12-22 14:24:40,47,49,6847,18375
2023-12-22 14:24:47,48,49,6847,18375
2023-12-22 14:24:58,48,50,6847,18385
2023-12-22 14:24:58,49,50,6847,18385
2023-12-22 14:25:08,49,51,6847,18395
2023-12-22 14:25:11,49,52,6897,18602
2023-12-22 14:25:13,48,52,6897,18602
2023-12-22 14:25:22,47,52,6897,18602
2023-12-22 14:25:27,48,52,6897,18602
2023-12-22 14:25:49,49,52,6897,18602
2023-12-22 14:25:57,50,52,6897,18602
2023-12-22 14:26:12,49,52,6897,18602
2023-12-22 14:26:12,51,52,6897,18602
2023-12-22 14:26:22,49,52,6897,18602
2023-12-22 14:26:22,51,52,6897,18602
2023-12-22 14:26:59,47,51,6778,18721
2023-12-22 14:26:59,46,51,6778,18721
2023-12-22 14:26:59,48,51,6778,18721
2023-12-22 14:27:14,48,50,6778,18721
2023-12-22 14:27:20,48,49,6778,18721
2023-12-22 14:27:41,47,49,6778,18721
2023-12-22 14:27:41,48,49,6778,18721
2023-12-22 14:28:09,48,50,6778,18721
2023-12-22 14:28:13,47,50,6778,18721
2023-12-22 14:28:13,49,50,6778,18721
2023-12-22 14:28:19,49,51,6778,18721
2023-12-22 14:28:34,48,51,6778,18721
2023-12-22 14:28:34,50,51,6778,18721
2023-12-22 14:28:51,50,52,6778,18731
2023-12-22 14:29:45,50,51,6778,18731
2023-12-22 14:29:59,47,51,6778,18731
2023-12-22 14:29:59,48,51,6778,18731
2023-12-22 14:30:08,47,51,6778,18731
2023-12-22 14:30:09,47,50,6778,18731
2023-12-22 14:30:09,46,50,6778,18731
2023-12-22 14:30:10,46,51,6778,18731
2023-12-22 14:30:18,46,50,6778,18731
2023-12-22 14:30:18,45,50,6778,18731
2023-12-22 14:30:23,45,49,6778,18731
2023-12-22 14:30:23,44,49,6778,18731
2023-12-22 14:30:29,44,48,6778,18731
2023-12-22 14:30:33,44,49,6778,18731
2023-12-22 14:30:33,45,49,6778,18731
2023-12-22 14:30:36,45,50,6778,18731
2023-12-22 14:30:39,45,49,6778,18731
2023-12-22 14:30:54,46,49,6778,18731
2023-12-22 14:31:10,46,48,6778,18731
2023-12-22 14:31:11,44,48,6668,18841
2023-12-22 14:31:11,45,48,6668,18841
2023-12-22 14:31:16,45,47,6668,18841
2023-12-22 14:31:21,44,47,6516,18993
2023-12-22 14:31:21,45,47,6516,18993
2023-12-22 14:31:23,45,46,6516,18993
2023-12-22 14:31:23,44,46,6504,19191
2023-12-22 14:31:23,43,46,6504,19191
2023-12-22 14:31:23,44,46,6504,19191
2023-12-22 14:31:25,44,47,6504,19191
2023-12-22 14:31:27,44,46,6504,19191
2023-12-22 14:31:33,44,45,6504,19191
2023-12-22 14:31:34,42,45,6504,19294
2023-12-22 14:31:35,41,45,6504,19294
2023-12-22 14:31:36,41,44,6504,19294
2023-12-22 14:31:40,41,45,6504,19294
2023-12-22 14:31:43,42,45,6504,19294
2023-12-22 14:31:45,41,45,6504,19294
2023-12-22 14:31:52,42,45,6504,19294
2023-12-22 14:31:55,42,46,6504,19294
2023-12-22 14:32:10,42,45,6504,19294
2023-12-22 14:32:11,41,45,6504,19294
2023-12-22 14:32:12,42,45,6504,19294
2023-12-22 14:32:12,42,46,6504,19294
2023-12-22 14:32:12,43,46,6504,19294
2023-12-22 14:32:20,42,46,6504,19294
2023-12-22 14:32:21,42,45,6504,19294
2023-12-22 14:32:21,41,45,6504,19294
2023-12-22 14:32:23,41,46,6504,19294
2023-12-22 14:32:24,42,46,6504,19294
2023-12-22 14:32:24,43,46,6504,19294
2023-12-22 14:32:24,44,46,6504,19294
2023-12-22 14:32:25,44,47,6504,19304
2023-12-22 14:32:25,45,47,6504,19304
2023-12-22 14:32:26,46,47,6504,19304
2023-12-22 14:32:31,46,48,6504,19314
2023-12-22 14:32:35,47,48,6504,19314
2023-12-22 14:32:35,47,49,6494,19324
2023-12-22 14:32:37,46,49,6494,19324
2023-12-22 14:32:38,47,49,6494,19324
2023-12-22 14:32:47,47,50,6494,19334
2023-12-22 14:33:06,47,52,6484,19344
2023-12-22 14:33:07,48,52,6484,19344
2023-12-22 14:33:26,47,52,6484,19344
2023-12-22 14:33:29,47,51,6484,19344
2023-12-22 14:33:31,47,52,6484,19344
2023-12-22 14:34:01,48,52,6484,19344
2023-12-22 14:34:45,48,52,6541,19401
2023-12-22 14:34:45,48,51,6541,19401
2023-12-22 14:34:46,48,52,6484,19458
2023-12-22 14:34:50,48,52,6484,19518
2023-12-22 14:34:54,47,52,6484,19518
2023-12-22 14:35:01,47,51,6484,19518
2023-12-22 14:35:08,47,52,6484,19518
2023-12-22 14:35:28,48,52,6484,19518
2023-12-22 14:36:01,48,52,6474,19578
2023-12-22 14:36:16,48,53,6474,19578
2023-12-22 14:37:04,49,53,6474,19578
2023-12-22 14:37:18,49,54,6474,19588
2023-12-22 14:37:20,50,54,6474,19588
2023-12-22 14:37:32,50,54,6474,19648
2023-12-22 14:37:32,51,54,6474,19648
2023-12-22 14:37:34,50,54,6474,19648
2023-12-22 14:37:34,52,54,6474,19648
2023-12-22 14:37:47,52,55,6474,19658
2023-12-22 14:37:59,52,56,6724,19908
2023-12-22 14:38:00,52,55,6724,19908
2023-12-22 14:38:02,51,55,6724,19908
2023-12-22 14:38:02,53,55,6724,19908
2023-12-22 14:38:02,53,56,6974,20158
2023-12-22 14:38:16,53,57,7224,20408
2023-12-22 14:38:21,53,58,7474,20658
2023-12-22 14:38:22,53,57,7474,20658
2023-12-22 14:38:23,53,58,7724,20908
2023-12-22 14:38:23,51,58,7724,20908
2023-12-22 14:38:23,54,58,7724,20908
2023-12-22 14:38:36,54,59,7724,20908
2023-12-22 14:38:46,52,59,7724,20908
2023-12-22 14:38:46,55,59,7724,20908
2023-12-22 14:38:59,53,59,7724,20908
2023-12-22 14:38:59,53,60,7714,20918
2023-12-22 14:38:59,56,60,7714,20918
2023-12-22 14:39:24,53,60,7714,20918
2023-12-22 14:39:24,57,60,7714,20918
2023-12-22 14:40:00,54,60,7714,20918
2023-12-22 14:40:00,58,60,7714,20918
2023-12-22 14:40:16,55,60,7714,20918
2023-12-22 14:40:16,59,60,7714,20918
2023-12-22 14:40:34,59,62,7714,20918
2023-12-22 14:40:41,59,63,7714,20918
2023-12-22 14:40:47,59,64,7714,20918
2023-12-22 14:40:55,56,64,7714,20918
2023-12-22 14:40:55,60,64,7714,20918
2023-12-22 14:41:01,60,65,7714,20918
2023-12-22 14:41:19,57,65,7714,20918
2023-12-22 14:41:19,61,65,7714,20918
2023-12-22 14:41:28,61,66,7714,20918
2023-12-22 14:41:50,58,66,7714,20918
2023-12-22 14:41:50,62,66,7714,20918
2023-12-22 14:42:02,62,67,7714,20918
2023-12-22 14:42:23,62,66,7714,20918
2023-12-22 14:42:23,59,66,7714,20918
2023-12-22 14:42:23,63,66,7714,20918
2023-12-22 14:42:23,63,67,7714,20918
2023-12-22 14:42:23,64,67,7714,20918
2023-12-22 14:42:24,64,66,7714,20918
2023-12-22 14:42:25,64,67,7714,20918
2023-12-22 14:42:29,64,66,7714,20918
2023-12-22 14:42:30,64,67,7714,20918
2023-12-22 14:42:31,63,67,7714,20918
2023-12-22 14:42:32,64,67,7714,20918
2023-12-22 14:42:52,63,67,7714,20918
2023-12-22 14:43:06,63,66,7714,20918
2023-12-22 14:43:27,61,66,7714,20918
2023-12-22 14:43:27,64,66,7714,20918
2023-12-22 14:43:54,62,66,7714,20918
2023-12-22 14:43:54,65,66,7714,20918
2023-12-22 14:45:18,62,66,7714,20918
2023-12-22 14:45:18,64,66,7714,20918
2023-12-22 14:45:18,64,65,7714,20918
2023-12-22 14:45:26,64,66,7714,20918
2023-12-22 14:45:26,62,66,7714,20918
2023-12-22 14:45:26,65,66,7714,20918
2023-12-22 14:46:16,65,66,7314,21318
2023-12-22 14:46:16,62,66,7314,21318
2023-12-22 14:46:16,61,66,7314,21318
2023-12-22 14:46:16,64,66,7314,21318
2023-12-22 14:46:16,64,65,7314,21318
2023-12-22 14:46:17,64,66,7314,21318
2023-12-22 14:46:19,63,66,7314,21318
2023-12-22 14:46:19,63,65,7314,21318
2023-12-22 14:46:19,63,64,7314,21318
2023-12-22 14:46:20,63,65,7314,21318
2023-12-22 14:46:26,63,64,7314,21318
2023-12-22 14:46:27,63,65,7314,21318
2023-12-22 14:46:30,63,66,7314,21318
2023-12-22 14:46:31,63,66,7314,21378
2023-12-22 14:46:33,64,66,7314,21378
2023-12-22 14:46:33,64,66,7314,21438
2023-12-22 14:46:41,65,66,7314,21438
2023-12-22 14:46:49,64,66,7314,21438
2023-12-22 14:46:58,64,65,7314,21438
2023-12-22 14:46:58,64,65,7314,22033
2023-12-22 14:46:59,64,66,7314,22033
2023-12-22 14:47:00,63,66,7314,22033
2023-12-22 14:47:00,63,65,7314,22033
2023-12-22 14:47:03,64,65,7314,22033
2023-12-22 14:47:03,64,66,7314,22033
2023-12-22 14:47:03,64,66,7314,22093
2023-12-22 14:47:09,64,65,7314,22093
2023-12-22 14:47:10,64,66,7314,22093
2023-12-22 14:47:10,64,65,7314,22093
2023-12-22 14:47:15,64,66,7314,22093
2023-12-22 14:47:15,64,65,7314,22093
2023-12-22 14:48:05,63,65,7314,22093
2023-12-22 14:48:05,63,64,7314,22093
2023-12-22 14:48:17,64,65,7198,22209
2023-12-22 14:48:23,63,65,7198,22209
2023-12-22 14:48:23,63,64,7198,22209
2023-12-22 14:48:43,63,64,7179,22228
2023-12-22 14:48:44,64,65,7200,22403
2023-12-22 14:48:45,63,65,7200,22403
2023-12-22 14:48:45,63,64,7200,22403
2023-12-22 14:49:00,63,64,7200,22413
2023-12-22 14:49:01,63,64,7210,22423
2023-12-22 14:49:02,63,64,7220,22433
2023-12-22 14:49:03,63,64,7230,22443
2023-12-22 14:49:04,63,64,7240,22453
2023-12-22 14:49:05,63,64,7250,22463
2023-12-22 14:49:06,65,66,7250,22483
2023-12-22 14:49:55,63,66,7250,22483
2023-12-22 14:49:55,63,65,7250,22483
2023-12-22 14:49:55,63,64,7250,22483
2023-12-22 14:49:56,63,65,7250,22483
2023-12-22 14:50:08,63,66,7250,22483
2023-12-22 14:50:08,63,65,7250,22483
2023-12-22 14:50:12,63,64,7250,22483
2023-12-22 14:50:13,63,65,7250,22483
2023-12-22 14:50:40,63,64,7250,22483
2023-12-22 14:51:06,63,65,7250,22483
2023-12-22 14:51:06,63,64,7250,22483
2023-12-22 14:51:15,63,65,7419,22652
2023-12-22 14:51:15,63,64,7419,22652
2023-12-22 14:51:23,63,65,7580,22823
2023-12-22 14:51:32,63,64,7580,22823
2023-12-22 14:52:06,63,64,7625,22878
2023-12-22 14:52:07,63,65,7625,22878
2023-12-22 14:52:17,65,66,7759,23022
2023-12-22 14:52:18,63,66,7759,23022
2023-12-22 14:52:23,62,66,7759,23022
2023-12-22 14:52:26,62,65,7759,23022
2023-12-22 14:52:31,61,65,7759,23022
2023-12-22 14:52:42,61,63,7759,23022
2023-12-22 14:52:42,60,63,7759,23022
2023-12-22 14:52:47,59,63,7759,23022
2023-12-22 14:53:01,59,62,7759,23022
2023-12-22 14:53:06,58,62,7759,23022
2023-12-22 14:53:07,58,61,7759,23022
2023-12-22 14:53:09,58,62,7759,23022
2023-12-22 14:53:09,58,61,7759,23022
2023-12-22 14:53:09,58,62,7759,23022
2023-12-22 14:53:10,59,62,7759,23022
2023-12-22 14:53:18,59,63,8009,23272
2023-12-22 14:53:18,60,63,8009,23272
2023-12-22 14:53:52,60,62,8009,23272
2023-12-22 14:53:53,60,63,8009,23272
2023-12-22 14:53:54,60,62,8009,23272
2023-12-22 14:53:58,59,62,8009,23272
2023-12-22 14:53:59,59,61,8009,23272
2023-12-22 14:54:04,60,61,8009,23272
2023-12-22 14:54:07,60,63,8009,23272
2023-12-22 14:54:07,60,62,8009,23272
2023-12-22 14:54:32,59,62,8009,23272
2023-12-22 14:54:32,59,61,8009,23272
2023-12-22 14:54:57,59,62,8009,23272
2023-12-22 14:55:14,59,61,8009,23272
2023-12-22 14:55:14,58,61,8009,23272
2023-12-22 14:55:22,58,60,8009,23272
2023-12-22 14:55:23,59,60,8009,23272
2023-12-22 14:55:24,58,60,8009,23272
2023-12-22 14:55:51,58,61,8009,23272
2023-12-22 14:55:51,58,60,8009,23272
2023-12-22 14:56:00,59,60,8009,23272
2023-12-22 14:56:01,59,62,8009,23272
2023-12-22 14:56:01,59,61,8009,23272
2023-12-22 14:56:08,58,61,8009,23272
2023-12-22 14:56:08,58,60,8009,23272
2023-12-22 14:56:10,57,60,8009,23272
2023-12-22 14:56:17,58,60,8009,23272
2023-12-22 14:56:22,58,61,8009,23272
2023-12-22 14:56:24,58,60,8009,23272
2023-12-22 14:56:25,58,61,8009,23272
2023-12-22 14:56:27,58,60,8009,23272
2023-12-22 14:56:28,58,61,8009,23272
2023-12-22 14:56:29,58,60,8009,23272
2023-12-22 14:56:36,58,61,8009,23272
2023-12-22 14:56:37,57,61,8009,23272
2023-12-22 14:56:37,57,60,8009,23272
2023-12-22 14:56:51,58,60,8009,23272
2023-12-22 14:56:52,58,61,8009,23272
2023-12-22 14:56:53,57,61,8009,23272
2023-12-22 14:56:53,56,61,8009,23272
2023-12-22 14:56:53,57,60,8009,23272
2023-12-22 14:56:58,57,59,8009,23272
2023-12-22 14:57:05,57,60,8009,23272
2023-12-22 14:57:05,57,58,8009,23272
2023-12-22 14:57:05,58,60,8009,23418
2023-12-22 14:57:05,57,60,8009,23418
2023-12-22 14:57:05,57,58,8009,23418
2023-12-22 14:57:05,57,58,8009,23522
2023-12-22 14:57:06,57,60,8100,23613
2023-12-22 14:57:16,56,60,8100,23613
2023-12-22 14:57:52,56,59,8100,23613
2023-12-22 14:57:58,55,59,8100,23613
2023-12-22 14:58:01,56,59,8100,23613
2023-12-22 14:58:04,56,60,8100,23613
2023-12-22 14:58:21,56,61,8350,23873
2023-12-22 14:58:21,57,61,8350,23873
2023-12-22 14:58:23,57,58,8350,23873
2023-12-22 14:58:23,56,58,8350,23873
2023-12-22 14:58:23,55,58,8350,23873
2023-12-22 14:58:23,56,58,8350,23873
2023-12-22 14:58:28,56,60,8350,23873
2023-12-22 14:58:33,56,59,8350,23873
2023-12-22 14:58:38,56,60,8350,23873
2023-12-22 14:58:43,57,60,8350,23873
2023-12-22 14:59:05,57,59,8350,23873
2023-12-22 14:59:06,57,60,8350,23873
2023-12-22 14:59:14,56,60,8350,23873
2023-12-22 14:59:14,56,59,8350,23873
2023-12-22 14:59:20,57,59,8350,23873
2023-12-22 14:59:22,57,58,8350,23873
2023-12-22 14:59:27,57,59,8350,23883
2023-12-22 14:59:30,57,59,8340,23893
2023-12-22 14:59:38,56,59,8340,23893
2023-12-22 14:59:49,56,58,8340,23893
2023-12-22 14:59:57,56,57,8340,23893
2023-12-22 15:00:00,55,57,8340,23893
2023-12-22 15:00:00,54,57,8340,23893
2023-12-22 15:00:00,55,57,8340,23893
2023-12-22 15:00:01,55,56,8340,23893
2023-12-22 15:00:01,54,56,8340,23893
2023-12-22 15:00:01,54,55,8340,23893
2023-12-22 15:00:01,53,55,8340,23893
2023-12-22 15:00:01,54,55,8340,23893
2023-12-22 15:00:03,53,55,8340,23893
2023-12-22 15:00:03,53,54,8340,23893
2023-12-22 15:00:03,53,54,8140,24093
2023-12-22 15:00:03,52,54,8295,24288
2023-12-22 15:00:04,51,54,8295,24288
2023-12-22 15:00:04,52,54,8295,24288
2023-12-22 15:00:04,53,54,8295,24288
2023-12-22 15:00:04,53,55,8295,24288
2023-12-22 15:00:09,53,56,8295,24288
2023-12-22 15:00:13,53,55,8295,24288
2023-12-22 15:00:22,55,56,8295,24298
2023-12-22 15:00:23,55,57,8295,24308
2023-12-22 15:00:23,56,57,8295,24308
2023-12-22 15:00:24,55,57,8295,24308
2023-12-22 15:00:24,56,57,8295,24308
2023-12-22 15:00:39,56,58,8295,24318
2023-12-22 15:00:39,57,58,8295,24318
2023-12-22 15:00:40,57,58,8330,24518
2023-12-22 15:00:40,56,58,8330,24518
2023-12-22 15:00:40,57,59,8330,24518
2023-12-22 15:00:53,56,59,8330,24518
2023-12-22 15:00:59,57,59,8330,24518
2023-12-22 15:01:10,58,59,8330,24518
2023-12-22 15:01:11,58,60,8330,24528
2023-12-22 15:01:11,57,60,8330,24528
2023-12-22 15:01:11,52,60,8330,24528
2023-12-22 15:01:11,58,60,8330,24528
2023-12-22 15:01:11,59,60,8330,24528
2023-12-22 15:01:12,58,60,8330,24528
2023-12-22 15:01:13,59,60,8330,24528
2023-12-22 15:01:15,59,61,8330,24538
2023-12-22 15:01:22,58,61,8330,24538
2023-12-22 15:01:24,58,60,8330,24538
2023-12-22 15:01:25,57,60,8330,24538
2023-12-22 15:01:25,57,61,8330,24538
2023-12-22 15:01:25,57,60,8330,24538
2023-12-22 15:01:25,56,60,8330,24538
2023-12-22 15:01:25,57,60,8330,24538
2023-12-22 15:01:25,57,59,8330,24538
2023-12-22 15:01:31,57,60,8330,24538
2023-12-22 15:01:33,58,60,8330,24538
2023-12-22 15:01:40,57,60,8330,24538
2023-12-22 15:01:43,57,61,8330,24538
2023-12-22 15:01:43,57,60,8330,24538
2023-12-22 15:01:43,57,59,8330,24538
2023-12-22 15:01:45,57,60,8330,24538
2023-12-22 15:01:47,58,60,8330,24538
2023-12-22 15:02:07,58,61,8535,24753
2023-12-22 15:02:54,59,61,8535,24753
2023-12-22 15:03:00,58,61,8535,24753
2023-12-22 15:03:18,59,61,8535,24753
2023-12-22 15:03:18,59,62,8535,24763
2023-12-22 15:03:18,60,62,8535,24763
2023-12-22 15:03:23,60,63,8535,24773
2023-12-22 15:03:24,61,63,8535,24773
2023-12-22 15:03:25,60,63,8535,24773
2023-12-22 15:03:25,59,63,8535,24773
2023-12-22 15:03:25,60,63,8535,24773
2023-12-22 15:03:30,60,62,8535,24773
2023-12-22 15:03:38,61,62,8535,24773
2023-12-22 15:03:44,61,63,8535,24774
2023-12-22 15:03:49,61,65,8535,24784
2023-12-22 15:03:51,59,65,8535,24784
2023-12-22 15:03:51,62,65,8535,24784
2023-12-22 15:03:51,62,66,8535,24784
2023-12-22 15:03:52,63,66,8535,24784
2023-12-22 15:04:10,62,66,8535,24784
2023-12-22 15:04:13,62,65,8535,24784
2023-12-22 15:04:14,61,65,8535,24784
2023-12-22 15:04:14,60,65,8535,24784
2023-12-22 15:04:14,61,65,8535,24784
2023-12-22 15:04:28,61,66,8535,24784
2023-12-22 15:04:28,61,64,8535,24784
2023-12-22 15:04:30,60,64,8535,24784
2023-12-22 15:04:31,60,63,8535,24784
2023-12-22 15:04:42,60,64,8535,24784
2023-12-22 15:04:44,60,63,8535,24784
2023-12-22 15:04:46,60,64,8535,24784
2023-12-22 15:04:47,60,63,8535,24784
2023-12-22 15:04:54,59,63,8535,24784
2023-12-22 15:04:54,58,63,8535,24784
2023-12-22 15:04:54,58,62,8535,24784
2023-12-22 15:04:54,59,62,8535,24784
2023-12-22 15:04:54,60,62,8535,24784
2023-12-22 15:04:56,58,60,8535,24789
2023-12-22 15:04:56,57,60,8535,24789
2023-12-22 15:04:56,57,59,8535,24789
2023-12-22 15:04:56,58,59,8535,24789
2023-12-22 15:04:57,58,60,8535,24789
2023-12-22 15:04:57,59,60,8535,24789
2023-12-22 15:04:58,59,62,8535,24789
2023-12-22 15:05:01,59,63,8535,24789
2023-12-22 15:05:06,60,63,8535,24789
2023-12-22 15:05:06,60,64,8535,24789
2023-12-22 15:05:08,59,64,8535,24789
2023-12-22 15:05:08,59,63,8535,24789
2023-12-22 15:05:10,60,63,8535,24789
2023-12-22 15:05:11,59,63,8535,24789
2023-12-22 15:05:12,60,63,8535,24789
2023-12-22 15:05:14,59,63,8535,24789
2023-12-22 15:05:15,59,61,8535,24789
2023-12-22 15:05:20,59,63,8535,24789
2023-12-22 15:05:20,59,62,8535,24789
2023-12-22 15:05:23,59,63,8535,24789
2023-12-22 15:05:29,60,63,8535,24789
2023-12-22 15:05:29,59,63,8535,24789
2023-12-22 15:05:30,60,63,8535,24789
2023-12-22 15:05:36,60,64,8535,24789
2023-12-22 15:05:41,60,62,8535,24789
2023-12-22 15:05:56,60,63,8535,24989
2023-12-22 15:05:56,60,62,8535,24989
2023-12-22 15:06:09,60,63,8535,24989
2023-12-22 15:06:11,60,64,8535,24989
2023-12-22 15:06:12,60,63,8535,24989
2023-12-22 15:06:16,60,64,8535,24989
2023-12-22 15:06:19,60,63,8535,24989
2023-12-22 15:06:19,60,62,8535,24989
2023-12-22 15:06:25,60,63,8610,25069
2023-12-22 15:06:36,60,62,8610,25069
2023-12-22 15:06:50,59,60,8610,25074
2023-12-22 15:06:55,59,62,8610,25074
2023-12-22 15:06:55,59,61,8610,25074
2023-12-22 15:06:58,60,61,8610,25074
2023-12-22 15:06:59,60,62,8610,25074
2023-12-22 15:07:00,59,62,8610,25074
2023-12-22 15:07:07,60,62,8610,25074
2023-12-22 15:07:08,59,62,8610,25074
2023-12-22 15:07:13,59,61,8610,25074
2023-12-22 15:07:19,59,62,8610,25074
2023-12-22 15:07:19,59,61,8610,25074
2023-12-22 15:07:25,60,61,8610,25074
2023-12-22 15:07:25,60,62,8610,25074
2023-12-22 15:07:29,59,62,8610,25074
2023-12-22 15:07:29,60,62,8610,25074
2023-12-22 15:07:29,61,62,8610,25074
2023-12-22 15:07:29,61,63,8610,25079
2023-12-22 15:07:37,61,64,8610,25084
2023-12-22 15:07:38,62,64,8610,25084
2023-12-22 15:07:39,61,64,8610,25084
2023-12-22 15:07:39,64,65,8610,25089
2023-12-22 15:07:48,62,65,8610,25089
2023-12-22 15:07:57,63,65,8610,25089
2023-12-22 15:08:03,62,65,8610,25089
2023-12-22 15:08:08,63,65,8610,25089
2023-12-22 15:08:11,64,65,8610,25089
2023-12-22 15:08:20,64,68,8610,25094
2023-12-22 15:08:25,64,67,8610,25094
2023-12-22 15:08:42,64,68,8610,25094
2023-12-22 15:08:46,64,69,8610,25094
2023-12-22 15:08:46,64,68,8610,25094
2023-12-22 15:08:47,64,69,8610,25094
2023-12-22 15:08:48,64,68,8610,25094
2023-12-22 15:08:52,65,68,8610,25094
2023-12-22 15:08:52,65,69,8610,25094
2023-12-22 15:08:53,66,69,8610,25094
2023-12-22 15:09:04,66,68,8610,25094
2023-12-22 15:09:06,66,69,8610,25094
2023-12-22 15:09:26,67,69,8610,25094
2023-12-22 15:09:27,68,69,8610,25094
2023-12-22 15:09:45,68,70,8610,25104
2023-12-22 15:09:57,71,73,8610,25114
2023-12-22 15:10:01,71,73,8610,25124
2023-12-22 15:10:05,70,73,8610,25124
2023-12-22 15:10:11,69,73,8610,25124
2023-12-22 15:10:11,69,72,8610,25124
2023-12-22 15:10:16,68,72,8610,25124
2023-12-22 15:10:16,68,71,8610,25124
2023-12-22 15:10:23,68,72,8610,25124
2023-12-22 15:10:27,68,71,8610,25124
2023-12-22 15:10:37,68,72,8610,25124
2023-12-22 15:10:38,68,73,8610,25124
2023-12-22 15:10:38,69,73,8610,25124
2023-12-22 15:10:43,69,72,8610,25124
2023-12-22 15:10:46,69,73,8610,25124
2023-12-22 15:10:50,69,71,8610,25124
2023-12-22 15:11:09,68,71,8610,25124
2023-12-22 15:11:10,68,70,8610,25124
2023-12-22 15:11:19,68,69,8610,25124
2023-12-22 15:11:22,68,70,8610,25124
2023-12-22 15:11:28,68,69,8610,25124
2023-12-22 15:11:36,68,70,8610,25124
2023-12-22 15:11:37,68,69,8610,25124
2023-12-22 15:11:42,66,68,8610,25129
2023-12-22 15:11:42,67,68,8610,25129
2023-12-22 15:11:56,66,68,8610,25129
2023-12-22 15:11:56,66,67,8610,25129
2023-12-22 15:12:00,66,68,8610,25129
2023-12-22 15:12:00,67,68,8610,25129
2023-12-22 15:12:08,67,69,8610,25129
2023-12-22 15:12:11,66,69,8610,25129
2023-12-22 15:12:11,68,69,8610,25129
2023-12-22 15:12:21,68,70,8610,25129
2023-12-22 15:12:22,67,70,8610,25129
2023-12-22 15:12:22,69,70,8610,25129
2023-12-22 15:12:23,69,71,8610,25129
2023-12-22 15:12:36,68,71,8610,25129
2023-12-22 15:12:36,67,71,8610,25129
2023-12-22 15:12:36,67,70,8610,25129
2023-12-22 15:12:36,68,70,8610,25129
2023-12-22 15:12:41,67,70,8610,25129
2023-12-22 15:12:41,69,70,8610,25129
2023-12-22 15:12:43,69,71,8610,25129
2023-12-22 15:12:52,69,70,8610,25129
2023-12-22 15:12:53,69,71,8610,25129
2023-12-22 15:12:56,69,70,8610,25129
2023-12-22 15:12:56,68,70,8610,25129
2023-12-22 15:12:56,67,70,8610,25129
2023-12-22 15:12:56,68,70,8610,25129
2023-12-22 15:13:07,68,69,8610,25129
2023-12-22 15:13:24,67,69,8610,25129
2023-12-22 15:13:24,67,69,8610,25369
2023-12-22 15:13:37,68,69,8610,25369
2023-12-22 15:13:39,67,69,8610,25369
2023-12-22 15:13:45,66,69,8610,25369
2023-12-22 15:13:57,65,69,8610,25369
2023-12-22 15:13:59,66,69,8610,25369
2023-12-22 15:14:04,65,69,8610,25369
2023-12-22 15:14:04,65,68,8610,25369
2023-12-22 15:14:05,64,68,8610,25369
2023-12-22 15:14:05,64,67,8610,25369
2023-12-22 15:14:07,64,68,8610,25369
2023-12-22 15:14:10,64,67,8610,25369
2023-12-22 15:14:16,63,67,8610,25369
2023-12-22 15:14:17,63,65,8610,25369
2023-12-22 15:14:26,62,65,8610,25369
2023-12-22 15:14:29,62,64,8610,25369
2023-12-22 15:14:33,61,64,8610,25369
2023-12-22 15:14:36,61,65,8610,25369
2023-12-22 15:14:38,62,65,8610,25369
2023-12-22 15:14:43,61,65,8610,25369
2023-12-22 15:14:53,61,64,8610,25369
2023-12-22 15:14:54,61,65,8610,25369
2023-12-22 15:15:04,61,67,8610,25369
2023-12-22 15:15:04,62,67,8610,25369
2023-12-22 15:15:08,62,66,8610,25369
2023-12-22 15:15:10,62,67,8610,25369
2023-12-22 15:15:10,63,67,8610,25369
2023-12-22 15:15:11,63,68,8610,25369
2023-12-22 15:15:11,63,67,8610,25369
2023-12-22 15:15:14,62,67,8610,25369
2023-12-22 15:15:14,61,67,8610,25369
2023-12-22 15:15:14,64,67,8610,25369
2023-12-22 15:15:14,65,67,8610,25369
2023-12-22 15:15:14,65,69,8610,25369
2023-12-22 15:15:14,65,68,8610,25369
2023-12-22 15:15:15,65,69,8610,25369
2023-12-22 15:15:18,67,69,8610,25369
2023-12-22 15:15:22,66,69,8610,25369
2023-12-22 15:15:22,69,70,8610,25374
2023-12-22 15:15:29,66,70,8610,25374
2023-12-22 15:15:31,66,69,8610,25374
2023-12-22 15:15:32,64,69,8610,25374
2023-12-22 15:15:34,64,68,8610,25374
2023-12-22 15:15:37,64,67,8610,25374
2023-12-22 15:15:38,64,68,8610,25374
2023-12-22 15:15:46,64,67,8610,25374
2023-12-22 15:15:52,64,68,8610,25374
2023-12-22 15:15:52,64,67,8610,25374
2023-12-22 15:16:07,64,68,8610,25374
2023-12-22 15:16:21,65,68,8610,25374
2023-12-22 15:16:23,65,67,8610,25374
2023-12-22 15:16:23,62,67,8610,25374
2023-12-22 15:16:23,63,67,8610,25374
2023-12-22 15:16:39,64,67,8610,25374
2023-12-22 15:16:40,64,68,8610,25374
2023-12-22 15:16:40,65,68,8610,25374
2023-12-22 15:16:41,65,69,8610,25374
2023-12-22 15:16:43,64,69,8610,25374
2023-12-22 15:16:55,66,69,8610,25374
2023-12-22 15:16:57,66,70,8610,25374
2023-12-22 15:16:59,65,70,8610,25374
2023-12-22 15:16:59,66,70,8610,25374
2023-12-22 15:16:59,68,70,8610,25374
2023-12-22 15:17:03,68,70,8805,25574
2023-12-22 15:17:08,61,70,8805,25574
2023-12-22 15:17:09,67,70,8805,25574
2023-12-22 15:17:11,61,70,8805,25574
2023-12-22 15:17:11,66,70,8805,25574
2023-12-22 15:17:15,66,70,9360,26129
2023-12-22 15:17:16,61,70,9360,26129
2023-12-22 15:17:16,67,70,9360,26129
2023-12-22 15:17:19,68,70,9360,26129
2023-12-22 15:17:19,68,73,9360,26129
2023-12-22 15:17:28,68,72,9360,26129
2023-12-22 15:17:30,61,72,9360,26129
2023-12-22 15:17:42,66,72,9360,26129
2023-12-22 15:17:42,66,71,9360,26129
2023-12-22 15:17:45,67,71,9360,26129
2023-12-22 15:17:45,67,72,9360,26129
2023-12-22 15:17:53,68,72,9360,26129
2023-12-22 15:17:59,69,72,9360,26129
2023-12-22 15:18:06,70,72,9360,26129
2023-12-22 15:18:07,69,72,9360,26129
2023-12-22 15:18:08,70,72,9360,26129
2023-12-22 15:18:08,70,72,9360,26261
2023-12-22 15:18:09,70,72,9860,26761
2023-12-22 15:18:10,70,72,9860,26796
2023-12-22 15:18:12,70,72,9860,26808
2023-12-22 15:18:12,70,75,10191,27139
2023-12-22 15:18:14,70,77,10191,27139
2023-12-22 15:18:15,68,74,10191,27139
2023-12-22 15:18:15,69,74,10191,27139
2023-12-22 15:18:17,68,74,10191,27139
2023-12-22 15:18:17,68,75,10191,27139
2023-12-22 15:18:29,68,74,10191,27139
2023-12-22 15:18:29,68,72,10191,27139
2023-12-22 15:18:43,69,72,10191,27139
2023-12-22 15:18:44,69,73,10191,27139
2023-12-22 15:18:54,70,73,10191,27139
2023-12-22 15:18:59,71,73,10191,27139
2023-12-22 15:19:00,70,73,10191,27139
2023-12-22 15:19:02,71,73,10191,27139
2023-12-22 15:19:15,71,72,10191,27139
2023-12-22 15:19:24,70,72,10191,27139
2023-12-22 15:19:37,70,73,10191,27139
2023-12-22 15:19:55,70,72,10191,27139
2023-12-22 15:20:00,68,72,10191,27139
2023-12-22 15:20:01,68,73,10191,27139
2023-12-22 15:20:01,69,73,10191,27139
2023-12-22 15:20:02,70,73,10191,27139
2023-12-22 15:20:09,72,73,10191,27139
2023-12-22 15:20:27,72,74,10181,27149
2023-12-22 15:20:57,73,74,10181,27149
2023-12-22 15:20:58,72,74,10181,27149
2023-12-22 15:20:59,73,74,10181,27149
2023-12-22 15:21:03,72,74,10181,27149
2023-12-22 15:21:03,73,74,10181,27149
2023-12-22 15:21:06,73,76,10181,27159
2023-12-22 15:21:10,72,76,10181,27159
2023-12-22 15:21:12,73,76,10181,27159
2023-12-22 15:21:13,72,76,10181,27159
2023-12-22 15:21:14,73,76,10181,27159
2023-12-22 15:21:16,72,76,10181,27159
2023-12-22 15:21:21,73,76,10181,27159
2023-12-22 15:21:27,73,78,10181,27159
2023-12-22 15:21:27,73,77,10181,27159
2023-12-22 15:21:29,72,77,10181,27159
2023-12-22 15:21:32,73,77,10181,27159
2023-12-22 15:21:34,72,77,10181,27159
2023-12-22 15:21:39,73,77,10181,27159
2023-12-22 15:21:51,67,77,10181,27159
2023-12-22 15:21:53,73,77,10181,27159
2023-12-22 15:22:10,74,77,10181,27159
2023-12-22 15:22:17,73,77,10181,27159
2023-12-22 15:22:20,74,77,10181,27159
2023-12-22 15:22:24,73,77,10181,27159
2023-12-22 15:22:33,74,77,10181,27159
2023-12-22 15:22:35,73,77,10181,27159
2023-12-22 15:22:40,73,76,10181,27159
2023-12-22 15:22:42,72,76,10181,27159
2023-12-22 15:22:43,72,75,10181,27159
2023-12-22 15:22:45,72,76,10181,27159
2023-12-22 15:22:50,72,77,10181,27159
2023-12-22 15:22:50,75,77,10181,27159
2023-12-22 15:22:54,75,77,10181,27659
2023-12-22 15:22:55,75,76,10181,27659
2023-12-22 15:22:56,72,76,10181,28159
2023-12-22 15:22:59,72,75,10181,28159
2023-12-22 15:23:14,72,76,10181,28159
2023-12-22 15:23:17,72,77,10181,28159
2023-12-22 15:23:20,73,77,10181,28159
2023-12-22 15:23:31,74,77,10181,28159
2023-12-22 15:24:01,72,77,10181,28159
2023-12-22 15:24:01,73,77,10181,28159
2023-12-22 15:24:04,72,77,10181,28159
2023-12-22 15:24:09,72,76,10181,28159
2023-12-22 15:24:09,72,75,10181,28159
2023-12-22 15:24:14,72,73,10181,28159
2023-12-22 15:24:15,68,73,10186,28164
2023-12-22 15:24:18,68,72,10186,28164
2023-12-22 15:24:20,63,72,10186,28164
2023-12-22 15:24:20,67,71,10186,28164
2023-12-22 15:24:23,63,71,10186,28164
2023-12-22 15:24:23,66,69,10186,28164
2023-12-22 15:24:28,66,71,10186,28164
2023-12-22 15:24:29,66,70,10186,28164
2023-12-22 15:24:30,63,70,10186,28164
2023-12-22 15:24:30,65,70,10186,28164
2023-12-22 15:24:33,65,71,10186,28164
2023-12-22 15:24:33,65,68,10186,28164
2023-12-22 15:24:35,64,68,10186,28164
2023-12-22 15:24:38,63,68,10186,28164
2023-12-22 15:24:44,65,71,10186,28164
2023-12-22 15:24:44,65,70,10186,28164
2023-12-22 15:24:51,63,70,10186,28164
2023-12-22 15:24:51,64,68,10186,28164
2023-12-22 15:24:53,63,68,10186,28164
2023-12-22 15:24:53,63,66,10186,28164
2023-12-22 15:24:59,64,66,10186,28164
2023-12-22 15:24:59,64,68,10186,28164
2023-12-22 15:25:01,65,68,10186,28164
2023-12-22 15:25:01,65,71,10186,28164
2023-12-22 15:25:01,65,70,10186,28164
2023-12-22 15:25:01,65,71,10186,28164
2023-12-22 15:25:13,65,69,10186,28164
2023-12-22 15:25:15,63,69,10186,28164
2023-12-22 15:25:15,64,69,10186,28164
2023-12-22 15:25:23,65,69,10186,28164
2023-12-22 15:25:23,65,71,10186,28164
2023-12-22 15:25:24,63,71,10186,28164
2023-12-22 15:25:24,66,71,10186,28164
2023-12-22 15:25:24,66,72,10186,28164
2023-12-22 15:25:24,66,71,10186,28164
2023-12-22 15:25:24,66,72,10186,28164
2023-12-22 15:25:26,63,72,10186,28164
2023-12-22 15:25:26,63,73,10186,28164
2023-12-22 15:25:26,67,73,10186,28164
2023-12-22 15:25:28,67,72,10186,28164
2023-12-22 15:25:30,66,73,10186,28164
2023-12-22 15:25:32,66,72,10186,28164
2023-12-22 15:25:33,67,72,10186,28164
2023-12-22 15:25:37,66,72,10186,28164
2023-12-22 15:25:40,67,72,10186,28164
2023-12-22 15:25:42,66,72,10186,28164
2023-12-22 15:25:48,63,72,10186,28164
2023-12-22 15:25:49,65,71,10186,28164
2023-12-22 15:25:51,65,70,10186,28164
2023-12-22 15:25:52,65,69,10186,28164
2023-12-22 15:25:53,65,71,10186,28164
2023-12-22 15:25:53,65,70,10186,28164
2023-12-22 15:25:56,66,70,10186,28164
2023-12-22 15:26:03,66,69,10186,28164
2023-12-22 15:26:05,64,69,10186,28164
2023-12-22 15:26:05,65,69,10186,28164
2023-12-22 15:26:05,65,70,10186,28364
2023-12-22 15:26:08,65,71,10186,28364
2023-12-22 15:26:11,63,69,10186,28364
2023-12-22 15:26:14,63,68,10186,28364
2023-12-22 15:26:14,63,67,10186,28364
2023-12-22 15:26:21,63,66,10186,28364
2023-12-22 15:26:23,63,67,10186,28364
2023-12-22 15:26:24,63,66,10186,28364
2023-12-22 15:26:25,63,67,10186,28364
2023-12-22 15:26:28,63,69,10186,28364
2023-12-22 15:26:32,63,68,10186,28364
2023-12-22 15:26:48,63,67,10186,28364
2023-12-22 15:26:49,63,68,10186,28364
2023-12-22 15:26:51,63,66,10186,28364
2023-12-22 15:26:53,63,65,10186,28364
2023-12-22 15:26:53,63,66,10186,28598
2023-12-22 15:27:01,63,67,10186,28598
2023-12-22 15:27:13,63,65,10186,28598
2023-12-22 15:27:13,61,65,10191,28603
2023-12-22 15:27:23,61,64,10191,28603
2023-12-22 15:27:26,58,64,10196,28608
2023-12-22 15:27:34,58,62,10196,28608
2023-12-22 15:27:36,58,64,10196,28608
2023-12-22 15:27:43,58,65,10196,28608
2023-12-22 15:27:43,59,65,10196,28608
2023-12-22 15:27:44,59,64,10196,28608
2023-12-22 15:27:45,59,65,10196,28608
2023-12-22 15:27:46,59,64,10196,28608
2023-12-22 15:27:48,58,64,10196,28608
2023-12-22 15:27:49,59,64,10196,28608
2023-12-22 15:27:50,59,65,10196,28608
2023-12-22 15:27:56,58,65,10196,28608
2023-12-22 15:27:56,58,64,10196,28608
2023-12-22 15:28:03,58,65,10196,28808
2023-12-22 15:28:04,60,65,10196,28808
2023-12-22 15:28:10,60,64,10196,28808
2023-12-22 15:28:11,58,64,10196,28808
2023-12-22 15:28:17,58,65,10196,28808
2023-12-22 15:28:17,59,65,10196,28808
2023-12-22 15:28:27,59,64,10196,28808
2023-12-22 15:28:29,58,64,10196,28808
2023-12-22 15:28:32,58,65,10196,28808
2023-12-22 15:28:32,59,65,10196,28808
2023-12-22 15:28:35,59,64,10196,28808
2023-12-22 15:28:36,59,65,10196,28808
2023-12-22 15:28:37,58,65,10196,28808
2023-12-22 15:28:37,58,64,10196,28808
2023-12-22 15:28:40,58,65,10196,28808
2023-12-22 15:28:40,60,65,10196,28808
2023-12-22 15:28:41,60,66,10196,28808
2023-12-22 15:28:41,61,67,10196,28808
2023-12-22 15:28:41,61,65,10196,28808
2023-12-22 15:28:41,61,67,10196,28808
2023-12-22 15:28:41,61,66,10196,28808
2023-12-22 15:28:42,61,67,10196,28808
2023-12-22 15:28:45,60,67,10196,28808
2023-12-22 15:28:45,63,67,10196,28808
2023-12-22 15:28:45,63,68,10196,28808
2023-12-22 15:28:49,63,67,10196,28808
2023-12-22 15:28:50,60,67,10196,28808
2023-12-22 15:28:50,61,67,10196,28808
2023-12-22 15:28:54,60,67,10196,28808
2023-12-22 15:28:56,61,67,10196,28808
2023-12-22 15:28:59,61,68,10196,28808
2023-12-22 15:29:01,62,68,10196,28808
2023-12-22 15:29:04,61,68,10196,28808
2023-12-22 15:29:08,61,67,10196,28808
2023-12-22 15:29:11,60,67,10196,28808
2023-12-22 15:29:11,60,66,10196,28808
2023-12-22 15:29:13,61,66,10196,28808
2023-12-22 15:29:14,60,66,10196,28808
2023-12-22 15:29:16,61,66,10196,28808
2023-12-22 15:29:18,61,68,10196,28808
2023-12-22 15:29:21,61,67,10196,28808
2023-12-22 15:30:01,61,64,10196,28808
2023-12-22 15:30:02,61,66,10196,28808
2023-12-22 15:30:25,61,65,10196,28808
2023-12-22 15:30:43,61,66,10196,28808
2023-12-22 15:30:53,63,66,10196,28808
2023-12-22 15:31:05,63,68,10196,28813
2023-12-22 15:31:12,61,68,10196,28813
2023-12-22 15:31:14,63,68,10196,28813
2023-12-22 15:31:17,64,68,10196,28813
2023-12-22 15:31:25,65,68,10196,28813
2023-12-22 15:31:30,68,72,10196,28818
2023-12-22 15:31:30,68,71,10196,28818
2023-12-22 15:31:32,67,71,10196,28818
2023-12-22 15:31:36,68,71,10196,28818
2023-12-22 15:31:45,69,71,10196,28818
2023-12-22 15:31:45,69,72,10196,28818
2023-12-22 15:31:49,69,74,10196,28823
2023-12-22 15:31:49,69,73,10196,28823
2023-12-22 15:31:49,70,73,10196,28823
2023-12-22 15:31:49,70,75,10196,28823
2023-12-22 15:31:50,69,75,10196,28823
2023-12-22 15:31:50,70,74,10196,28823
2023-12-22 15:31:55,69,74,10196,28823
2023-12-22 15:32:00,68,74,10196,28823
2023-12-22 15:32:01,68,73,10196,28823
2023-12-22 15:32:07,68,74,10196,28823
2023-12-22 15:32:12,68,73,10196,28823
2023-12-22 15:32:12,68,72,10196,28823
2023-12-22 15:32:16,67,72,10196,28823
2023-12-22 15:32:19,66,72,10196,28823
2023-12-22 15:32:19,66,71,10196,28823
2023-12-22 15:32:23,65,71,10196,28823
2023-12-22 15:32:38,64,71,10196,28823
2023-12-22 15:32:38,64,71,10196,28823
2023-12-22 15:32:38,64,69,10196,28823
2023-12-22 15:32:42,64,68,10196,28823
2023-12-22 15:32:43,64,69,10196,28823
2023-12-22 15:32:45,64,68,10196,28823
2023-12-22 15:32:46,64,69,10196,28823
2023-12-22 15:32:51,63,69,10196,28823
2023-12-22 15:32:51,63,68,10196,28823
2023-12-22 15:32:57,62,68,10196,28823
2023-12-22 15:33:18,62,69,10196,28823
2023-12-22 15:33:18,63,69,10196,28823
2023-12-22 15:33:19,62,69,10196,28823
2023-12-22 15:33:20,63,69,10196,28823
2023-12-22 15:33:21,64,72,10196,28823
2023-12-22 15:33:21,64,71,10196,28823
2023-12-22 15:33:22,65,72,10196,28823
2023-12-22 15:33:22,66,72,10196,28823
2023-12-22 15:33:25,67,72,10196,28823
2023-12-22 15:33:33,67,74,10196,28823
2023-12-22 15:33:36,69,74,10196,28823
2023-12-22 15:33:41,69,76,10196,28823
2023-12-22 15:33:41,70,76,10196,28823
2023-12-22 15:33:44,70,76,10196,28836
2023-12-22 15:33:56,70,77,10196,28836
2023-12-22 15:33:56,72,77,10196,28836
2023-12-22 15:34:03,73,77,10196,28836
2023-12-22 15:34:07,74,77,10196,28836
2023-12-22 15:34:09,73,77,10196,28836
2023-12-22 15:34:10,75,77,10196,28836
2023-12-22 15:34:28,76,77,10196,28836
2023-12-22 15:34:32,75,77,10196,28836
2023-12-22 15:34:45,76,77,10196,28836
2023-12-22 15:35:00,77,80,10196,28841
2023-12-22 15:35:01,78,80,10196,28841
2023-12-22 15:35:02,79,80,10196,28841
2023-12-22 15:35:13,80,83,10196,28846
2023-12-22 15:35:13,80,83,10205,28855
2023-12-22 15:35:13,80,82,10205,28855
2023-12-22 15:35:15,80,84,10205,28855
2023-12-22 15:35:15,80,83,10205,28855
2023-12-22 15:35:18,79,83,10205,28855
2023-12-22 15:35:19,78,83,10205,28855
2023-12-22 15:35:22,79,83,10205,28855
2023-12-22 15:35:28,78,83,10205,28855
2023-12-22 15:35:35,79,83,10205,28855
2023-12-22 15:35:38,80,83,10205,28855
2023-12-22 15:35:42,81,83,10205,28855
2023-12-22 15:35:43,82,83,10205,28855
2023-12-22 15:36:04,81,83,10205,28860
2023-12-22 15:36:10,79,83,10205,28860
2023-12-22 15:36:28,80,83,10205,28860
2023-12-22 15:36:29,79,83,10205,28860
2023-12-22 15:36:45,78,83,10205,28860
2023-12-22 15:36:47,78,82,10205,28860
2023-12-22 15:36:48,77,82,10205,28860
2023-12-22 15:36:50,77,81,10205,28860
2023-12-22 15:36:53,77,82,10205,28860
2023-12-22 15:36:56,77,81,10205,28860
2023-12-22 15:36:57,74,81,10205,28860
2023-12-22 15:36:57,75,81,10205,28860
2023-12-22 15:37:00,74,81,10205,28860
2023-12-22 15:37:00,74,82,10205,28860
2023-12-22 15:37:00,74,79,10205,28860
2023-12-22 15:37:06,75,79,10205,28860
2023-12-22 15:37:12,75,82,10205,28860
2023-12-22 15:37:12,75,81,10205,28860
2023-12-22 15:37:13,77,81,10205,28860
2023-12-22 15:37:19,78,81,10205,28860
2023-12-22 15:37:33,79,81,10205,28860
2023-12-22 15:37:33,79,83,10205,28860
2023-12-22 15:37:33,79,82,10205,28860
2023-12-22 15:37:39,78,82,10205,28860
2023-12-22 15:37:40,79,82,10205,28860
2023-12-22 15:37:41,78,82,10205,28860
2023-12-22 15:37:42,77,82,10205,28860
2023-12-22 15:38:07,78,82,10205,28860
2023-12-22 15:38:08,79,82,10205,28860
2023-12-22 15:38:12,81,82,10205,28860
2023-12-22 15:38:12,81,83,10205,28860
2023-12-22 15:38:25,82,83,10205,28860
2023-12-22 15:38:29,81,83,10205,28860
2023-12-22 15:38:30,82,83,10205,28860
2023-12-22 15:38:45,81,83,10205,28860
2023-12-22 15:38:59,79,83,10205,28860
2023-12-22 15:39:00,80,83,10205,28860
2023-12-22 15:39:12,81,83,10205,28860
2023-12-22 15:39:45,83,85,10205,28865
2023-12-22 15:39:45,83,85,10309,28969
2023-12-22 15:39:45,83,84,10309,28969
2023-12-22 15:39:45,83,85,10309,28969
2023-12-22 15:39:45,83,84,10309,28969
2023-12-22 15:39:45,83,85,10309,28969
2023-12-22 15:39:45,83,84,10309,28969
2023-12-22 15:39:46,81,84,10309,28969
2023-12-22 15:39:49,83,84,10309,28969
2023-12-22 15:39:49,84,85,10314,28974
2023-12-22 15:40:01,86,87,10314,28979
2023-12-22 15:40:01,86,87,10319,28984
2023-12-22 15:40:08,87,89,10319,28989
2023-12-22 15:40:09,87,91,10319,28989
2023-12-22 15:40:09,89,91,10319,28989
2023-12-22 15:40:09,89,92,10319,28989
2023-12-22 15:40:10,90,92,10319,28989
2023-12-22 15:40:11,91,92,10319,28989
2023-12-22 15:40:11,91,93,10319,28989
2023-12-22 15:40:11,91,94,10319,28989
2023-12-22 15:40:15,91,93,10319,28989
2023-12-22 15:40:15,90,93,10319,28989
2023-12-22 15:40:28,90,92,10319,28989
2023-12-22 15:40:28,90,91,10319,28989
2023-12-22 15:40:28,89,91,10319,28989
2023-12-22 15:40:32,87,91,10319,28989
2023-12-22 15:40:41,87,92,10319,28989
2023-12-22 15:40:54,89,93,10319,28989
2023-12-22 15:40:54,90,93,10319,28989
2023-12-22 15:41:07,90,94,10319,28989
2023-12-22 15:41:10,90,93,10319,28989
2023-12-22 15:41:14,89,93,10319,28989
2023-12-22 15:41:16,90,93,10319,28989
2023-12-22 15:41:20,90,94,10319,28989
2023-12-22 15:41:29,90,93,10319,28989
2023-12-22 15:41:36,90,94,10319,28989
2023-12-22 15:41:43,90,93,10319,28989
2023-12-22 15:41:50,90,92,10319,28989
2023-12-22 15:41:50,89,92,10319,28989
2023-12-22 15:41:51,89,93,10319,28989
2023-12-22 15:41:51,90,93,10319,28989
2023-12-22 15:42:12,90,94,10319,28989
2023-12-22 15:42:15,90,93,10319,28989
2023-12-22 15:42:22,89,93,10319,28989
2023-12-22 15:42:24,89,92,10319,28989
2023-12-22 15:42:28,89,93,10319,28989
2023-12-22 15:42:33,90,93,10319,28989
2023-12-22 15:42:46,90,94,10319,28989
2023-12-22 15:42:54,90,93,10319,28989
2023-12-22 15:42:59,90,94,10319,28989
2023-12-22 15:43:01,90,93,10319,28989
2023-12-22 15:43:03,90,94,10319,28989
2023-12-22 15:43:19,90,93,10319,28989
2023-12-22 15:43:24,90,94,10319,28989
2023-12-22 15:43:26,91,94,10319,28989
2023-12-22 15:43:30,90,94,10319,28989
2023-12-22 15:43:31,90,91,10319,28989
2023-12-22 15:43:50,91,94,10328,28998
2023-12-22 15:43:57,90,94,10328,28998
2023-12-22 15:44:14,90,92,10328,28998
2023-12-22 15:44:26,90,93,10328,28998
2023-12-22 15:44:32,90,92,10328,28998
2023-12-22 15:44:35,89,92,10328,28998
2023-12-22 15:44:54,87,92,10328,28998
2023-12-22 15:44:54,87,91,10328,28998
2023-12-22 15:44:59,87,90,10328,28998
2023-12-22 15:45:05,86,90,10328,28998
2023-12-22 15:45:06,85,89,10328,28998
2023-12-22 15:45:08,84,89,10328,28998
2023-12-22 15:45:09,84,87,10328,28998
2023-12-22 15:45:10,84,86,10328,28998
2023-12-22 15:45:10,83,86,10328,28998
2023-12-22 15:45:11,82,86,10328,28998
2023-12-22 15:45:11,82,85,10328,28998
2023-12-22 15:45:12,82,86,10328,28998
2023-12-22 15:45:15,83,86,10328,28998
2023-12-22 15:45:15,83,87,10328,28998
2023-12-22 15:45:16,83,86,10328,28998
2023-12-22 15:45:17,83,87,10328,28998
2023-12-22 15:45:19,82,87,10328,28998
2023-12-22 15:45:19,82,86,10328,28998
2023-12-22 15:45:29,83,86,10328,28998
2023-12-22 15:45:29,83,87,10328,28998
2023-12-22 15:45:34,84,87,10328,28998
2023-12-22 15:45:35,85,87,10328,28998
2023-12-22 15:45:36,86,90,10328,28998
2023-12-22 15:45:40,86,89,10328,28998
2023-12-22 15:45:50,84,89,10328,28998
2023-12-22 15:45:56,84,87,10328,28998
2023-12-22 15:46:00,82,87,10328,28998
2023-12-22 15:46:01,82,86,10328,28998
2023-12-22 15:46:04,82,87,10328,28998
2023-12-22 15:46:11,82,87,10329,28999
2023-12-22 15:46:12,83,87,10329,28999
2023-12-22 15:46:21,84,87,10329,28999
2023-12-22 15:46:27,84,89,10329,28999
2023-12-22 15:46:34,84,88,10329,28999
2023-12-22 15:46:37,84,89,10329,28999
2023-12-22 15:46:38,84,88,10329,28999
2023-12-22 15:46:39,84,89,10329,28999
2023-12-22 15:46:42,85,89,10329,28999
2023-12-22 15:46:44,84,89,10329,28999
2023-12-22 15:46:46,85,89,10329,28999
2023-12-22 15:46:49,85,90,10329,28999
2023-12-22 15:46:51,85,89,10329,28999
2023-12-22 15:46:52,85,90,10329,28999
2023-12-22 15:46:53,85,89,10329,28999
2023-12-22 15:46:56,85,90,10329,28999
2023-12-22 15:46:58,85,89,10329,28999
2023-12-22 15:47:00,84,89,10329,28999
2023-12-22 15:47:05,83,89,10329,28999
2023-12-22 15:47:05,83,87,10329,28999
2023-12-22 15:47:18,83,89,10329,28999
2023-12-22 15:47:18,84,89,10329,28999
2023-12-22 15:47:21,83,89,10329,28999
2023-12-22 15:47:21,83,88,10329,28999
2023-12-22 15:47:22,83,89,10329,28999
2023-12-22 15:47:23,83,88,10329,28999
2023-12-22 15:47:24,85,88,10329,28999
2023-12-22 15:47:24,85,89,10329,28999
2023-12-22 15:47:36,83,89,10329,28999
2023-12-22 15:47:36,83,87,10329,28999
2023-12-22 15:47:46,81,87,10329,28999
2023-12-22 15:47:46,81,86,10329,28999
2023-12-22 15:47:48,81,87,10329,28999
2023-12-22 15:47:48,82,87,10329,28999
2023-12-22 15:48:17,82,89,10329,28999
2023-12-22 15:48:18,84,89,10329,28999
2023-12-22 15:48:21,85,89,10329,28999
2023-12-22 15:48:26,85,90,10329,28999
2023-12-22 15:48:35,85,91,10329,28999
2023-12-22 15:48:38,87,91,10329,28999
2023-12-22 15:48:47,88,91,10329,28999
2023-12-22 15:48:59,88,92,10329,28999
2023-12-22 15:49:03,90,92,10329,28999
2023-12-22 15:49:03,90,92,10338,29008
2023-12-22 15:49:09,88,92,10338,29008
2023-12-22 15:49:13,88,91,10338,29008
2023-12-22 15:49:22,88,92,10338,29008
2023-12-22 15:49:27,89,92,10338,29008
2023-12-22 15:49:43,89,94,10338,29008
2023-12-22 15:49:45,91,94,10338,29008
2023-12-22 15:50:00,94,96,10339,29009
2023-12-22 15:50:00,94,96,10438,29108
2023-12-22 15:50:01,93,96,10438,29108
2023-12-22 15:50:02,93,96,10439,29109
2023-12-22 15:50:10,93,95,10439,29109
2023-12-22 15:50:18,92,95,10439,29109
2023-12-22 15:50:19,91,95,10439,29109
2023-12-22 15:50:19,91,94,10439,29109
2023-12-22 15:50:22,91,94,10439,29119
2023-12-22 15:50:27,90,94,10439,29119
2023-12-22 15:50:27,90,92,10439,29119
2023-12-22 15:50:27,89,92,10439,29119
2023-12-22 15:50:29,88,92,10439,29119
2023-12-22 15:50:34,89,92,10439,29119
2023-12-22 15:50:35,89,94,10439,29119
2023-12-22 15:50:45,90,94,10439,29119
2023-12-22 15:50:46,89,94,10439,29119
2023-12-22 15:50:48,89,93,10439,29119
2023-12-22 15:50:51,89,94,10439,29119
2023-12-22 15:50:52,89,93,10439,29119
2023-12-22 15:50:53,88,93,10439,29119
2023-12-22 15:50:54,88,92,10439,29119
2023-12-22 15:50:58,88,93,10439,29119
2023-12-22 15:51:00,87,91,10439,29119
2023-12-22 15:51:00,87,90,10439,29119
2023-12-22 15:51:01,87,89,10439,29119
2023-12-22 15:51:01,84,89,10439,29119
2023-12-22 15:51:01,85,89,10439,29119
2023-12-22 15:51:02,84,89,10439,29119
2023-12-22 15:51:03,86,89,10439,29119
2023-12-22 15:51:04,86,91,10439,29119
2023-12-22 15:51:04,86,88,10439,29119
2023-12-22 15:51:08,84,88,10439,29119
2023-12-22 15:51:10,84,90,10439,29119
2023-12-22 15:51:10,84,87,10439,29119
2023-12-22 15:51:11,82,87,10439,29119
2023-12-22 15:51:18,85,87,10439,29119
2023-12-22 15:51:19,82,88,10439,29119
2023-12-22 15:51:19,83,88,10439,29119
2023-12-22 15:51:20,80,88,10439,29119
2023-12-22 15:51:30,80,88,10439,29119
2023-12-22 15:51:30,81,88,10439,29119
2023-12-22 15:51:39,80,88,10439,29119
2023-12-22 15:51:39,80,86,10439,29119
2023-12-22 15:51:42,78,86,10439,29119
2023-12-22 15:51:42,78,84,10439,29119
2023-12-22 15:51:45,79,84,10439,29119
2023-12-22 15:51:47,78,84,10439,29119
2023-12-22 15:51:50,79,84,10439,29119
2023-12-22 15:51:52,79,86,10439,29119
2023-12-22 15:51:53,79,85,10439,29119
2023-12-22 15:51:56,79,86,10439,29119
2023-12-22 15:51:59,78,86,10439,29119
2023-12-22 15:52:04,78,86,10439,29119
2023-12-22 15:52:04,79,86,10439,29119
2023-12-22 15:52:09,78,86,10439,29119
2023-12-22 15:52:09,81,86,10439,29119
2023-12-22 15:52:12,81,86,10439,29130
2023-12-22 15:52:13,81,87,10439,29130
2023-12-22 15:52:13,82,87,10439,29130
2023-12-22 15:52:13,82,88,10439,29130
2023-12-22 15:52:16,81,88,10439,29130
2023-12-22 15:52:16,81,87,10439,29130
2023-12-22 15:52:22,81,88,10439,29130
2023-12-22 15:52:23,82,88,10439,29130
2023-12-22 15:52:24,81,88,10439,29130
2023-12-22 15:52:26,82,88,10439,29130
2023-12-22 15:52:31,82,90,10439,29130
2023-12-22 15:52:31,81,90,10439,29130
2023-12-22 15:52:31,84,90,10439,29130
2023-12-22 15:52:41,85,90,10439,29130
2023-12-22 15:52:43,85,91,10439,29130
2023-12-22 15:52:52,87,91,10439,29130
2023-12-22 15:52:54,87,92,10439,29130
2023-12-22 15:53:00,85,92,10439,29130
2023-12-22 15:53:00,85,92,10439,29130
2023-12-22 15:53:00,85,91,10439,29130
2023-12-22 15:53:05,85,90,10439,29130
2023-12-22 15:53:13,84,91,10439,29130
2023-12-22 15:53:13,85,91,10439,29130
2023-12-22 15:53:15,85,92,10439,29130
2023-12-22 15:53:16,85,91,10439,29130
2023-12-22 15:53:18,85,92,10439,29130
2023-12-22 15:53:23,87,92,10439,29130
2023-12-22 15:53:25,87,93,10439,29130
2023-12-22 15:53:26,88,93,10439,29130
2023-12-22 15:53:30,87,93,10439,29130
2023-12-22 15:53:30,87,92,10439,29130
2023-12-22 15:53:33,87,93,10439,29130
2023-12-22 15:53:35,88,93,10439,29130
2023-12-22 15:53:38,87,93,10439,29130
2023-12-22 15:53:43,87,92,10439,29130
2023-12-22 15:54:00,87,93,10439,29130
2023-12-22 15:54:01,87,92,10439,29130
2023-12-22 15:54:09,84,92,10439,29130
2023-12-22 15:54:10,83,92,10439,29130
2023-12-22 15:54:10,83,91,10439,29130
2023-12-22 15:54:11,84,90,10439,29130
2023-12-22 15:54:17,85,90,10439,29130
2023-12-22 15:54:17,85,92,10439,29130
2023-12-22 15:54:17,85,93,10439,29130
2023-12-22 15:54:30,86,93,10439,29130
2023-12-22 15:54:37,86,93,10439,29130
2023-12-22 15:54:38,87,93,10439,29130
2023-12-22 15:54:39,88,93,10439,29130
2023-12-22 15:54:40,92,93,10439,29130
2023-12-22 15:54:40,92,94,10439,29130
2023-12-22 15:54:40,93,94,10439,29130
2023-12-22 15:54:40,93,96,10499,29190
2023-12-22 15:54:43,91,96,10499,29190
2023-12-22 15:54:43,91,95,10499,29190
2023-12-22 15:54:45,90,95,10499,29190
2023-12-22 15:54:46,89,95,10499,29190
2023-12-22 15:54:50,88,95,10499,29190
2023-12-22 15:54:50,90,95,10499,29190
2023-12-22 15:54:51,89,95,10499,29190
2023-12-22 15:54:53,90,95,10499,29190
2023-12-22 15:54:55,91,95,10499,29190
2023-12-22 15:54:56,90,95,10499,29190
2023-12-22 15:55:00,92,95,10499,29190
2023-12-22 15:55:00,92,96,10499,29190
2023-12-22 15:55:02,90,96,10499,29190
2023-12-22 15:55:02,90,95,10499,29190
2023-12-22 15:55:07,90,95,10499,29190
2023-12-22 15:55:09,91,95,10499,29190
2023-12-22 15:55:10,91,96,10499,29190
2023-12-22 15:55:12,91,95,10499,29190
2023-12-22 15:55:13,91,96,10499,29190
2023-12-22 15:55:18,91,95,10499,29190
2023-12-22 15:55:19,91,96,10499,29190
2023-12-22 15:55:20,90,96,10499,29190
2023-12-22 15:55:20,92,96,10499,29190
2023-12-22 15:55:24,91,96,10499,29190
2023-12-22 15:55:26,92,96,10499,29190
2023-12-22 15:55:27,90,96,10499,29190
2023-12-22 15:55:30,90,96,10499,29190
2023-12-22 15:55:30,90,95,10499,29190
2023-12-22 15:55:34,90,96,10499,29190
2023-12-22 15:55:35,91,96,10499,29190
2023-12-22 15:55:39,93,96,10499,29190
2023-12-22 15:55:43,92,96,10499,29190
2023-12-22 15:55:44,93,96,10499,29190
2023-12-22 15:55:47,94,96,10499,29190
2023-12-22 15:55:50,93,96,10499,29190
2023-12-22 15:55:50,95,96,10499,29190
2023-12-22 15:55:55,95,96,10499,29201
2023-12-22 15:55:58,95,98,10499,29201
2023-12-22 15:55:59,95,97,10499,29201
2023-12-22 15:56:00,95,98,10499,29201
2023-12-22 15:56:22,96,98,10499,29201
2023-12-22 15:56:31,95,98,10499,29201
2023-12-22 15:57:04,96,98,10499,29201
2023-12-22 15:57:16,99,100,10499,29401
2023-12-22 15:57:16,99,100,10559,29461
2023-12-22 15:58:51,95,100,10559,29461
2023-12-22 15:59:02,95,99,10559,29461
2023-12-22 15:59:02,97,99,10559,29461
2023-12-22 15:59:06,97,100,10559,29461
2023-12-22 15:59:07,97,99,10559,29461
2023-12-22 15:59:28,97,99,10502,29518
2023-12-22 15:59:28,97,100,10502,29518
2023-12-22 15:59:51,97,99,10502,29518
2023-12-22 15:59:54,97,100,10502,29518
2023-12-22 15:59:58,99,100,10502,29518
