datetime,bid,ask,open_interest,volume
2023-06-20 09:30:00,33,42,1015,1371
2023-06-20 09:31:00,35,42,1015,1371
2023-06-20 09:31:00,35,39,1015,1371
2023-06-20 09:31:00,35,37,1015,1371
2023-06-20 09:31:01,35,38,1015,1371
2023-06-20 09:33:02,33,37,1015,1371
2023-06-20 09:33:07,33,36,1015,1371
2023-06-20 09:33:09,33,36,1165,1521
2023-06-20 09:33:12,34,36,1165,1521
2023-06-20 09:33:14,33,36,1165,1521
2023-06-20 09:34:17,33,34,1165,1521
2023-06-20 09:34:24,32,34,1165,1521
2023-06-20 09:34:52,31,34,1165,1521
2023-06-20 09:35:03,32,34,1165,1521
2023-06-20 09:35:10,31,34,1165,1521
2023-06-20 09:35:17,32,34,1165,1521
2023-06-20 09:35:22,32,34,1115,1571
2023-06-20 09:35:22,32,33,1115,1571
2023-06-20 09:35:53,32,34,1115,1571
2023-06-20 09:35:53,32,34,965,1721
2023-06-20 09:36:24,31,34,965,1721
2023-06-20 09:36:42,31,33,965,1721
2023-06-20 09:36:44,31,32,965,1721
2023-06-20 09:37:35,31,32,965,1921
2023-06-20 09:37:51,30,32,965,1921
2023-06-20 09:38:06,30,33,965,1921
2023-06-20 09:38:06,30,32,965,1921
2023-06-20 09:38:07,31,32,965,1921
2023-06-20 09:38:07,31,32,1015,1971
2023-06-20 09:38:08,30,32,1015,1971
2023-06-20 09:38:13,31,32,1015,1971
2023-06-20 09:38:35,30,32,1015,1971
2023-06-20 09:39:02,30,33,1015,1971
2023-06-20 09:39:06,30,32,1015,1971
2023-06-20 09:39:44,31,32,1015,1971
2023-06-20 09:39:44,31,32,1035,1991
2023-06-20 09:39:53,30,32,1035,1991
2023-06-20 09:39:53,30,31,1035,1991
2023-06-20 09:42:56,30,31,1090,2191
2023-06-20 09:42:59,30,33,1090,2191
2023-06-20 09:42:59,31,33,1090,2191
2023-06-20 09:44:01,31,34,1090,2191
2023-06-20 09:44:01,31,33,1090,2191
2023-06-20 09:45:20,31,32,1090,2191
2023-06-20 09:45:40,31,32,1090,2221
2023-06-20 09:46:36,31,33,1090,2221
2023-06-20 09:47:01,31,32,1090,2221
2023-06-20 09:47:17,31,33,1090,2221
2023-06-20 09:47:31,31,32,1090,2221
2023-06-20 09:47:43,31,32,1090,2271
2023-06-20 09:48:26,30,31,1020,2341
2023-06-20 09:48:28,30,31,983,2541
2023-06-20 09:48:29,29,31,983,2541
2023-06-20 09:48:45,29,30,983,2541
2023-06-20 09:48:48,28,30,983,2541
2023-06-20 09:48:52,28,29,983,2541
2023-06-20 09:49:32,29,31,1013,2654
2023-06-20 09:49:33,28,31,1013,2654
2023-06-20 09:49:41,29,31,1013,2654
2023-06-20 09:49:44,28,31,1013,2654
2023-06-20 09:49:44,29,31,1013,2654
2023-06-20 09:49:52,28,31,1013,2654
2023-06-20 09:49:54,29,31,1013,2654
2023-06-20 09:50:02,28,31,1013,2654
2023-06-20 09:50:03,29,31,1013,2654
2023-06-20 09:50:18,30,31,1013,2654
2023-06-20 09:51:13,30,32,1013,2767
2023-06-20 09:51:20,31,32,1013,2767
2023-06-20 09:52:18,30,32,1013,2767
2023-06-20 09:52:22,31,32,1013,2767
2023-06-20 09:52:35,32,33,1043,2797
2023-06-20 09:53:34,31,33,1043,2797
2023-06-20 09:53:36,32,33,1043,2797
2023-06-20 09:53:56,32,34,1043,2857
2023-06-20 09:53:57,33,34,1043,2857
2023-06-20 09:54:26,33,35,1043,2887
2023-06-20 09:54:31,33,34,1043,2887
2023-06-20 09:54:33,33,35,1043,2890
2023-06-20 09:54:46,34,35,1043,2890
2023-06-20 09:55:50,35,36,1073,2920
2023-06-20 09:57:26,36,37,1103,2950
2023-06-20 09:57:49,36,37,1103,3050
2023-06-20 09:58:43,36,38,1103,3050
2023-06-20 10:00:06,36,38,1133,3080
2023-06-20 10:01:06,37,38,1133,3080
2023-06-20 10:01:20,37,38,1133,3118
2023-06-20 10:01:20,37,38,1133,3156
2023-06-20 10:01:50,37,38,1133,3180
2023-06-20 10:05:43,37,38,1133,3280
2023-06-20 10:06:08,37,38,1133,3380
2023-06-20 10:06:22,37,39,1133,3380
2023-06-20 10:06:22,37,38,1133,3380
2023-06-20 10:06:24,37,38,1213,3580
2023-06-20 10:06:48,37,38,1237,3604
2023-06-20 10:07:26,37,39,1237,3604
2023-06-20 10:07:26,38,39,1237,3604
2023-06-20 10:12:08,38,39,1360,3904
2023-06-20 10:12:40,38,39,1560,4104
2023-06-20 10:13:06,38,39,1660,4204
2023-06-20 10:13:55,38,39,1760,4304
2023-06-20 10:13:55,38,39,1760,4334
2023-06-20 10:13:55,38,39,1760,4364
2023-06-20 10:13:56,38,39,1777,4614
2023-06-20 10:13:57,38,39,1894,4864
2023-06-20 10:13:57,37,38,2084,5054
2023-06-20 10:14:06,37,39,2284,5254
2023-06-20 10:14:08,37,39,2384,5354
2023-06-20 10:14:21,37,39,2484,5454
2023-06-20 10:14:46,37,38,2484,5454
2023-06-20 10:15:12,37,39,2484,5454
2023-06-20 10:15:12,37,39,2484,5654
2023-06-20 10:15:12,37,38,2484,5654
2023-06-20 10:15:33,37,38,2484,5754
2023-06-20 10:16:35,36,37,2484,5774
2023-06-20 10:16:35,36,37,2584,5874
2023-06-20 10:17:24,35,36,2584,5904
2023-06-20 10:18:15,35,37,2584,5904
2023-06-20 10:18:15,36,37,2584,5904
2023-06-20 10:19:23,36,37,2584,6204
2023-06-20 10:19:24,35,36,2584,6334
2023-06-20 10:19:25,35,37,2584,6334
2023-06-20 10:19:26,35,36,2584,6334
2023-06-20 10:20:09,34,36,2584,6434
2023-06-20 10:20:13,34,35,2584,6434
2023-06-20 10:20:17,34,36,2584,6434
2023-06-20 10:20:37,34,35,2584,6434
2023-06-20 10:20:57,33,34,2584,6564
2023-06-20 10:20:58,33,35,2584,6564
2023-06-20 10:20:59,33,34,2584,6564
2023-06-20 10:21:00,32,34,2584,6564
2023-06-20 10:21:04,32,33,2584,6564
2023-06-20 10:21:57,32,33,2667,6764
2023-06-20 10:21:58,30,33,2667,6764
2023-06-20 10:21:58,30,32,2667,6764
2023-06-20 10:21:58,31,32,2667,6764
2023-06-20 10:22:06,30,32,2597,6864
2023-06-20 10:22:06,30,31,2597,6864
2023-06-20 10:22:06,30,31,2624,6954
2023-06-20 10:22:06,29,31,2714,7044
2023-06-20 10:22:15,30,31,2714,7044
2023-06-20 10:22:15,29,31,2914,7244
2023-06-20 10:22:35,30,31,2914,7244
2023-06-20 10:23:35,31,32,2914,7484
2023-06-20 10:23:35,30,32,2974,7544
2023-06-20 10:24:00,29,32,2974,7544
2023-06-20 10:24:18,29,31,2974,7544
2023-06-20 10:24:20,29,30,2974,7544
2023-06-20 10:24:20,29,30,3044,7614
2023-06-20 10:26:09,28,29,3104,7674
2023-06-20 10:26:24,28,29,3117,7824
2023-06-20 10:26:26,28,29,3267,7974
2023-06-20 10:26:27,28,29,3417,8124
2023-06-20 10:26:54,27,29,3417,8124
2023-06-20 10:26:54,27,28,3417,8124
2023-06-20 10:27:51,26,27,3417,8124
2023-06-20 10:27:54,25,27,3417,8124
2023-06-20 10:27:56,25,26,3417,8124
2023-06-20 10:27:56,25,26,3617,8324
2023-06-20 10:28:07,24,25,3617,8354
2023-06-20 10:28:12,24,25,3617,8504
2023-06-20 10:28:16,24,25,3617,8654
2023-06-20 10:28:32,24,25,3611,8660
2023-06-20 10:30:00,24,25,3641,8760
2023-06-20 10:30:43,24,25,3441,8960
2023-06-20 10:30:43,24,25,3441,9110
2023-06-20 10:30:44,22,25,3441,9260
2023-06-20 10:30:49,23,25,3441,9260
2023-06-20 10:31:08,23,24,3441,9260
2023-06-20 10:31:58,23,24,3441,9460
2023-06-20 10:32:02,23,24,3441,9610
2023-06-20 10:32:04,23,25,3441,9700
2023-06-20 10:32:07,25,26,3441,9750
2023-06-20 10:32:21,25,26,3534,9850
2023-06-20 10:32:45,26,27,3541,9857
2023-06-20 10:33:16,28,29,3551,9867
2023-06-20 10:33:16,28,29,3581,9897
2023-06-20 10:33:54,26,29,3581,9897
2023-06-20 10:33:54,28,29,3581,9897
2023-06-20 10:34:06,28,29,3581,10097
2023-06-20 10:34:06,28,29,3581,10247
2023-06-20 10:34:07,26,28,3581,10397
2023-06-20 10:34:30,27,28,3581,10397
2023-06-20 10:34:35,27,28,3581,10497
2023-06-20 10:35:29,25,27,3581,10597
2023-06-20 10:35:30,25,28,3581,10597
2023-06-20 10:35:37,26,28,3581,10597
2023-06-20 10:35:45,25,28,3581,10597
2023-06-20 10:36:00,26,28,3581,10597
2023-06-20 10:36:12,27,28,3581,10597
2023-06-20 10:36:16,26,28,3581,10597
2023-06-20 10:36:18,25,28,3581,10597
2023-06-20 10:36:27,26,28,3581,10597
2023-06-20 10:36:28,25,28,3581,10597
2023-06-20 10:36:30,26,28,3581,10597
2023-06-20 10:36:36,25,28,3581,10597
2023-06-20 10:36:37,26,28,3581,10597
2023-06-20 10:36:57,25,28,3581,10597
2023-06-20 10:37:04,25,27,3581,10597
2023-06-20 10:37:12,25,28,3581,10597
2023-06-20 10:37:21,25,27,3581,10597
2023-06-20 10:40:04,25,28,3581,10597
2023-06-20 10:40:09,26,28,3581,10597
2023-06-20 10:40:18,25,28,3581,10597
2023-06-20 10:40:38,26,28,3581,10597
2023-06-20 10:40:43,27,28,3581,10597
2023-06-20 10:41:04,27,28,3591,10797
2023-06-20 10:41:09,28,29,3591,10907
2023-06-20 10:41:34,28,29,3791,11107
2023-06-20 10:41:36,28,29,4091,11407
2023-06-20 10:41:37,28,29,4241,11557
2023-06-20 10:41:43,28,31,4251,11617
2023-06-20 10:41:43,29,31,4251,11617
2023-06-20 10:41:51,30,31,4251,11617
2023-06-20 10:42:37,31,32,4261,11627
2023-06-20 10:43:37,30,32,4361,11927
2023-06-20 10:43:58,31,32,4361,11927
2023-06-20 10:44:14,31,32,4561,12127
2023-06-20 10:44:31,32,33,4701,12307
2023-06-20 10:44:32,31,33,4701,12307
2023-06-20 10:44:38,31,32,4701,12307
2023-06-20 10:45:36,31,32,4701,12322
2023-06-20 10:45:38,32,33,4704,12325
2023-06-20 10:46:39,30,33,4704,12325
2023-06-20 10:46:39,32,33,4704,12325
2023-06-20 10:47:25,30,32,4704,12425
2023-06-20 10:47:26,30,33,4704,12425
2023-06-20 10:47:33,30,32,4704,12425
2023-06-20 10:47:41,30,33,4704,12425
2023-06-20 10:47:41,30,31,4704,12425
2023-06-20 10:48:40,30,32,4704,12425
2023-06-20 10:48:41,30,31,4704,12425
2023-06-20 10:49:38,30,32,4704,12425
2023-06-20 10:49:44,30,31,4704,12425
2023-06-20 10:50:45,31,33,4704,12425
2023-06-20 10:50:45,31,32,4704,12425
2023-06-20 10:51:17,30,31,4664,12465
2023-06-20 10:51:21,30,31,4624,12665
2023-06-20 10:51:34,29,31,4624,12665
2023-06-20 10:51:34,29,30,4624,12665
2023-06-20 10:51:48,29,30,4624,12865
2023-06-20 10:51:52,29,32,4624,12965
2023-06-20 10:51:55,30,32,4624,12965
2023-06-20 10:51:58,31,32,4624,12965
2023-06-20 10:52:54,29,32,4624,12965
2023-06-20 10:52:55,29,31,4624,12965
2023-06-20 10:52:57,30,31,4624,12965
2023-06-20 10:52:58,30,31,4714,13055
2023-06-20 10:53:01,29,30,4714,13065
2023-06-20 10:53:15,28,29,4674,13105
2023-06-20 10:53:16,28,30,4674,13105
2023-06-20 10:53:19,28,29,4674,13105
2023-06-20 10:53:19,28,29,4841,13305
2023-06-20 10:53:56,28,29,5041,13505
2023-06-20 10:54:05,26,29,5181,13645
2023-06-20 10:54:05,26,28,5181,13645
2023-06-20 10:54:16,27,28,5181,13645
2023-06-20 10:55:01,27,28,5431,13895
2023-06-20 10:55:02,27,28,5481,13945
2023-06-20 10:55:14,25,28,5481,13945
2023-06-20 10:55:17,26,28,5481,13945
2023-06-20 10:55:17,26,27,5481,13945
2023-06-20 10:55:17,26,27,5554,14018
2023-06-20 10:55:44,26,27,5554,14168
2023-06-20 10:55:46,28,29,5567,14188
2023-06-20 10:55:46,28,29,5607,14228
2023-06-20 10:55:46,28,29,5647,14268
2023-06-20 10:56:07,29,30,5657,14278
2023-06-20 10:56:15,28,30,5657,14278
2023-06-20 10:56:43,29,30,5657,14278
2023-06-20 10:57:06,30,31,5667,14288
2023-06-20 10:57:06,30,31,5867,14488
2023-06-20 10:58:03,28,31,5867,14488
2023-06-20 10:58:07,28,30,5867,14488
2023-06-20 10:58:40,28,29,5867,14488
2023-06-20 10:58:45,28,29,5834,14528
2023-06-20 10:58:45,28,29,5924,14618
2023-06-20 10:58:46,26,28,5924,14628
2023-06-20 10:58:50,26,29,5924,14628
2023-06-20 10:59:00,26,28,5924,14628
2023-06-20 10:59:06,26,29,5924,14628
2023-06-20 10:59:07,26,28,5924,14628
2023-06-20 10:59:28,26,27,5924,14628
2023-06-20 10:59:44,28,29,5937,14663
2023-06-20 11:00:01,28,29,6087,14813
2023-06-20 11:00:26,27,28,6702,15428
2023-06-20 11:00:27,27,28,6852,15578
2023-06-20 11:00:28,27,28,7002,15728
2023-06-20 11:00:29,28,29,7107,15833
2023-06-20 11:00:42,28,30,7117,15843
2023-06-20 11:00:43,30,31,7127,16153
2023-06-20 11:01:06,30,31,7127,16353
2023-06-20 11:01:07,31,33,7147,16373
2023-06-20 11:01:07,32,33,7147,16373
2023-06-20 11:01:25,32,33,7147,16573
2023-06-20 11:01:29,30,33,7147,16773
2023-06-20 11:01:32,30,32,7147,16773
2023-06-20 11:01:33,31,32,7147,16773
2023-06-20 11:02:01,29,31,7147,16873
2023-06-20 11:02:02,29,32,7147,16873
2023-06-20 11:02:06,29,31,7147,16873
2023-06-20 11:02:11,29,31,7147,16973
2023-06-20 11:02:12,29,30,7147,16973
2023-06-20 11:02:23,29,31,7147,16973
2023-06-20 11:02:31,29,32,7147,16973
2023-06-20 11:02:48,30,32,7147,16973
2023-06-20 11:03:30,31,32,7147,16973
2023-06-20 11:03:55,32,33,7157,16983
2023-06-20 11:03:58,33,34,7167,16993
2023-06-20 11:04:31,31,34,7167,16993
2023-06-20 11:04:31,33,34,7167,16993
2023-06-20 11:05:06,34,35,7187,17013
2023-06-20 11:05:41,36,37,7197,17223
2023-06-20 11:05:41,36,37,7217,17243
2023-06-20 11:06:38,35,37,7217,17243
2023-06-20 11:06:42,37,38,7227,17253
2023-06-20 11:07:12,37,38,7237,17653
2023-06-20 11:07:16,38,40,7240,17656
2023-06-20 11:07:16,38,39,7240,17656
2023-06-20 11:08:04,38,39,7240,17856
2023-06-20 11:08:05,38,39,7240,18056
2023-06-20 11:08:13,37,39,7240,18056
2023-06-20 11:08:16,36,39,7240,18056
2023-06-20 11:08:16,38,39,7240,18056
2023-06-20 11:09:18,37,38,7240,18069
2023-06-20 11:09:34,36,37,7740,18569
2023-06-20 11:09:44,35,37,7740,18569
2023-06-20 11:09:51,35,36,7740,18569
2023-06-20 11:10:32,35,36,7740,18769
2023-06-20 11:10:48,35,37,7740,18769
2023-06-20 11:10:53,36,37,7740,18769
2023-06-20 11:11:33,35,36,7727,18782
2023-06-20 11:12:14,35,36,7687,18982
2023-06-20 11:12:21,33,35,7687,19122
2023-06-20 11:12:21,33,35,7677,19132
2023-06-20 11:12:23,33,34,7677,19132
2023-06-20 11:12:36,33,34,7908,19363
2023-06-20 11:12:47,32,34,7908,19363
2023-06-20 11:12:49,32,33,7908,19363
2023-06-20 11:13:13,33,34,8018,19473
2023-06-20 11:13:24,33,35,8028,19483
2023-06-20 11:13:30,32,35,8028,19483
2023-06-20 11:13:35,33,35,8028,19483
2023-06-20 11:13:38,32,35,8028,19483
2023-06-20 11:13:44,33,35,8028,19483
2023-06-20 11:13:54,33,34,8028,19483
2023-06-20 11:14:11,32,34,8028,19483
2023-06-20 11:14:14,34,35,8186,19641
2023-06-20 11:14:30,32,34,8186,19683
2023-06-20 11:14:31,32,33,8186,19683
2023-06-20 11:15:28,31,32,8146,19723
2023-06-20 11:16:29,29,32,8146,19723
2023-06-20 11:16:30,31,32,8146,19723
2023-06-20 11:16:32,29,31,8146,19823
2023-06-20 11:16:33,29,32,8146,19823
2023-06-20 11:16:41,30,32,8146,19823
2023-06-20 11:16:50,31,32,8146,19823
2023-06-20 11:16:53,33,34,8156,19833
2023-06-20 11:17:29,34,35,8166,19843
2023-06-20 11:18:26,33,35,8166,19843
2023-06-20 11:18:30,35,36,8240,19917
2023-06-20 11:18:38,33,35,8240,20043
2023-06-20 11:18:39,33,36,8240,20043
2023-06-20 11:18:46,34,36,8240,20043
2023-06-20 11:18:50,35,36,8240,20043
2023-06-20 11:18:56,36,37,8250,20053
2023-06-20 11:19:56,35,37,8250,20053
2023-06-20 11:19:58,35,36,8250,20053
2023-06-20 11:20:49,35,36,8250,20066
2023-06-20 11:20:54,34,36,8250,20066
2023-06-20 11:20:57,35,36,8250,20066
2023-06-20 11:21:56,34,36,8250,20066
2023-06-20 11:21:59,34,35,8250,20066
2023-06-20 11:22:15,34,35,8240,20266
2023-06-20 11:23:00,34,36,8240,20266
2023-06-20 11:23:00,35,36,8240,20266
2023-06-20 11:23:59,36,37,8243,20269
2023-06-20 11:24:33,36,37,8243,20469
2023-06-20 11:24:38,34,37,8243,20469
2023-06-20 11:24:39,35,37,8243,20469
2023-06-20 11:25:04,35,36,8243,20469
2023-06-20 11:25:08,34,36,8243,20469
2023-06-20 11:25:08,34,35,8243,20469
2023-06-20 11:25:08,33,35,8213,20569
2023-06-20 11:25:08,33,34,8213,20569
2023-06-20 11:25:53,31,34,8200,20682
2023-06-20 11:25:54,31,33,8200,20682
2023-06-20 11:26:03,32,33,8200,20682
2023-06-20 11:26:32,32,34,8200,20882
2023-06-20 11:26:38,34,36,8200,20952
2023-06-20 11:26:38,34,35,8200,20952
2023-06-20 11:27:35,34,36,8200,20952
2023-06-20 11:27:38,35,36,8200,20952
2023-06-20 11:28:22,34,36,8200,20952
2023-06-20 11:28:51,35,36,8200,20952
2023-06-20 11:28:53,34,36,8200,20952
2023-06-20 11:28:54,35,36,8200,20952
2023-06-20 11:28:55,34,36,8200,20952
2023-06-20 11:29:41,35,36,8200,20952
2023-06-20 11:29:55,35,36,8203,21152
2023-06-20 11:29:58,35,37,8203,21152
2023-06-20 11:29:58,37,39,8213,21172
2023-06-20 11:29:58,37,38,8213,21172
2023-06-20 11:30:18,38,40,8223,21182
2023-06-20 11:30:18,39,40,8223,21182
2023-06-20 11:30:41,39,40,8223,21237
2023-06-20 11:30:46,39,41,8233,21337
2023-06-20 11:30:47,40,41,8233,21337
2023-06-20 11:30:59,39,41,8233,21337
2023-06-20 11:31:01,40,41,8233,21337
2023-06-20 11:31:02,39,41,8233,21337
2023-06-20 11:31:05,40,41,8233,21337
2023-06-20 11:31:07,39,41,8233,21337
2023-06-20 11:31:12,40,41,8233,21337
2023-06-20 11:31:13,39,41,8233,21337
2023-06-20 11:31:30,39,40,8233,21337
2023-06-20 11:31:59,39,40,8693,21837
2023-06-20 11:32:30,40,41,8703,21847
2023-06-20 11:32:48,40,41,8713,22047
2023-06-20 11:32:50,40,41,8713,22247
2023-06-20 11:32:52,41,42,8713,22357
2023-06-20 11:32:53,41,43,8713,22557
2023-06-20 11:33:00,40,43,8713,22557
2023-06-20 11:33:05,40,42,8713,22557
2023-06-20 11:33:06,39,42,8713,22557
2023-06-20 11:33:16,41,42,8713,22557
2023-06-20 11:33:32,39,42,8713,22757
2023-06-20 11:33:42,39,41,8713,22757
2023-06-20 11:33:47,40,41,8713,22757
2023-06-20 11:33:59,40,41,8713,22957
2023-06-20 11:34:03,39,40,8673,23097
2023-06-20 11:34:04,39,41,8673,23097
2023-06-20 11:34:32,39,40,8673,23097
2023-06-20 11:34:34,38,39,8664,23137
2023-06-20 11:34:42,38,39,9264,23737
2023-06-20 11:34:51,38,39,9316,23789
2023-06-20 11:35:01,40,41,9316,23799
2023-06-20 11:35:15,41,42,9316,23809
2023-06-20 11:36:15,40,42,9316,23809
2023-06-20 11:36:16,41,42,9316,23809
2023-06-20 11:37:13,40,42,9316,23809
2023-06-20 11:37:17,41,42,9316,23809
2023-06-20 11:38:16,40,42,9316,23809
2023-06-20 11:38:17,41,42,9316,23809
2023-06-20 11:39:08,43,44,9316,23829
2023-06-20 11:39:17,41,44,9396,23909
2023-06-20 11:39:36,42,44,9396,23909
2023-06-20 11:40:08,43,44,9396,23909
2023-06-20 11:41:08,42,44,9396,23909
2023-06-20 11:41:10,43,44,9396,23909
2023-06-20 11:41:25,42,44,9396,23909
2023-06-20 11:41:25,42,43,9396,23909
2023-06-20 11:41:25,42,43,9406,23919
2023-06-20 11:42:23,41,43,9416,23929
2023-06-20 11:43:15,41,42,9416,23929
2023-06-20 11:44:31,40,41,9416,23949
2023-06-20 11:45:02,40,41,9416,24099
2023-06-20 11:45:03,40,41,9416,24299
2023-06-20 11:45:03,38,41,9416,24299
2023-06-20 11:45:03,39,41,9416,24299
2023-06-20 11:45:23,39,40,9416,24299
2023-06-20 11:46:05,40,41,9416,24310
2023-06-20 11:46:06,40,41,9416,24321
2023-06-20 11:47:02,39,41,9416,24321
2023-06-20 11:47:05,40,41,9416,24321
2023-06-20 11:47:06,39,41,9416,24321
2023-06-20 11:47:08,40,41,9416,24321
2023-06-20 11:47:35,40,41,9416,24521
2023-06-20 11:47:38,40,42,9416,24521
2023-06-20 11:47:38,41,42,9416,24521
2023-06-20 11:48:24,39,42,9416,24521
2023-06-20 11:48:24,40,42,9416,24521
2023-06-20 11:48:24,40,41,9416,24521
2023-06-20 11:49:53,41,42,9416,24531
2023-06-20 11:50:55,42,43,9416,24542
2023-06-20 11:51:22,42,44,9406,24552
2023-06-20 11:51:31,44,45,9406,24562
2023-06-20 11:52:04,42,45,9496,24652
2023-06-20 11:52:06,42,44,9496,24652
2023-06-20 11:52:57,42,44,9783,24939
2023-06-20 11:53:07,42,45,9783,24939
2023-06-20 11:53:08,42,43,9783,24939
2023-06-20 11:54:06,41,43,9783,24939
2023-06-20 11:54:06,40,41,9783,24960
2023-06-20 11:56:59,40,41,9783,24970
2023-06-20 11:57:04,40,42,9783,24970
2023-06-20 11:57:05,39,41,9783,24970
2023-06-20 11:57:08,39,40,9783,24970
2023-06-20 11:57:19,39,40,9783,25170
2023-06-20 11:57:22,38,40,9823,25210
2023-06-20 11:57:22,37,38,9823,25250
2023-06-20 11:57:55,37,40,9653,25420
2023-06-20 11:58:20,37,39,9653,25420
2023-06-20 11:58:26,37,38,9653,25420
2023-06-20 11:58:33,37,38,9783,25550
2023-06-20 11:58:51,37,38,9913,25680
2023-06-20 11:59:52,35,36,9913,25724
2023-06-20 12:00:09,35,36,9963,25774
2023-06-20 12:00:23,35,36,9963,25974
2023-06-20 12:00:31,37,38,9963,26014
2023-06-20 12:00:32,37,38,9973,26024
2023-06-20 12:01:28,35,38,9973,26024
2023-06-20 12:01:30,35,37,9973,26024
2023-06-20 12:01:33,35,37,10173,26224
2023-06-20 12:02:10,36,37,10173,26224
2023-06-20 12:02:56,36,37,10273,26324
2023-06-20 12:02:57,36,38,10273,26338
2023-06-20 12:02:57,37,38,10273,26338
2023-06-20 12:03:01,36,38,10273,26338
2023-06-20 12:03:10,37,38,10273,26338
2023-06-20 12:03:58,36,38,10273,26338
2023-06-20 12:04:33,36,37,10273,26338
2023-06-20 12:04:37,34,37,10283,26348
2023-06-20 12:04:37,34,36,10283,26348
2023-06-20 12:04:37,34,36,10293,26358
2023-06-20 12:04:38,34,35,10293,26358
2023-06-20 12:05:30,34,36,10293,26368
2023-06-20 12:05:37,35,36,10293,26368
2023-06-20 12:06:28,35,37,10293,26378
2023-06-20 12:06:39,36,37,10293,26378
2023-06-20 12:06:50,36,38,10293,26398
2023-06-20 12:07:07,37,38,10293,26398
2023-06-20 12:07:09,37,38,10293,26548
2023-06-20 12:07:10,39,40,10293,26738
2023-06-20 12:07:10,37,40,10303,26748
2023-06-20 12:07:10,38,40,10303,26748
2023-06-20 12:07:11,38,41,10303,26748
2023-06-20 12:07:11,39,41,10303,26748
2023-06-20 12:07:34,38,41,10303,26748
2023-06-20 12:07:35,39,41,10303,26748
2023-06-20 12:07:35,39,41,10403,26848
2023-06-20 12:07:35,40,41,10403,26848
2023-06-20 12:07:37,39,41,10403,26848
2023-06-20 12:07:51,39,40,10403,26848
2023-06-20 12:08:42,38,39,10303,26948
2023-06-20 12:08:43,38,40,10303,26948
2023-06-20 12:09:32,39,40,10303,26948
2023-06-20 12:10:14,41,43,10303,26968
2023-06-20 12:10:33,42,43,10303,26968
2023-06-20 12:10:53,42,44,10303,26988
2023-06-20 12:11:11,43,44,10303,26988
2023-06-20 12:11:15,44,45,10303,26998
2023-06-20 12:11:16,44,46,10303,26998
2023-06-20 12:11:35,45,46,10303,26998
2023-06-20 12:11:37,46,47,10303,27008
2023-06-20 12:12:14,44,47,10353,27098
2023-06-20 12:12:34,45,47,10353,27098
2023-06-20 12:12:42,45,47,10353,27298
2023-06-20 12:12:45,46,49,10353,27298
2023-06-20 12:12:46,47,49,10353,27298
2023-06-20 12:13:41,48,49,10353,27298
2023-06-20 12:13:43,49,50,10353,27308
2023-06-20 12:13:43,49,50,10373,27328
2023-06-20 12:13:50,49,51,10373,27328
2023-06-20 12:14:05,50,51,10373,27328
2023-06-20 12:14:11,51,52,10373,27338
2023-06-20 12:14:11,51,52,10383,27348
2023-06-20 12:14:28,50,52,10583,27548
2023-06-20 12:14:28,50,51,10583,27548
2023-06-20 12:17:16,50,52,10833,27798
2023-06-20 12:17:19,51,52,10833,27798
2023-06-20 12:17:19,51,52,10833,27833
2023-06-20 12:19:03,51,52,10833,27843
2023-06-20 12:19:03,51,52,10733,27943
2023-06-20 12:21:04,52,53,10753,28063
2023-06-20 12:21:37,53,54,10763,28073
2023-06-20 12:22:00,54,55,10773,28083
2023-06-20 12:23:02,55,56,10783,28193
2023-06-20 12:23:14,56,57,10793,28303
2023-06-20 12:23:25,55,57,10793,28303
2023-06-20 12:23:43,56,57,10793,28303
2023-06-20 12:24:18,56,57,10803,28513
2023-06-20 12:24:18,56,58,10803,28513
2023-06-20 12:24:19,57,58,10803,28513
2023-06-20 12:24:19,56,58,10813,28523
2023-06-20 12:24:20,57,58,10813,28523
2023-06-20 12:24:20,56,58,10823,28533
2023-06-20 12:24:20,56,57,10823,28533
2023-06-20 12:24:21,56,58,10833,28543
2023-06-20 12:24:24,57,58,10833,28543
2023-06-20 12:25:34,58,59,10843,28553
2023-06-20 12:25:39,58,59,10923,28633
2023-06-20 12:25:39,58,59,11038,28753
2023-06-20 12:25:39,57,58,11038,28758
2023-06-20 12:25:39,57,58,11048,28768
2023-06-20 12:25:40,57,58,11048,28778
2023-06-20 12:25:41,57,58,11048,28788
2023-06-20 12:25:42,57,58,11048,28798
2023-06-20 12:25:43,57,58,11048,28808
2023-06-20 12:25:44,57,58,11048,28818
2023-06-20 12:25:45,57,58,11048,28828
2023-06-20 12:25:46,57,58,11048,28838
2023-06-20 12:25:47,57,58,11048,28848
2023-06-20 12:25:48,57,58,11048,28858
2023-06-20 12:25:49,57,58,11048,28868
2023-06-20 12:25:50,57,58,11048,28878
2023-06-20 12:25:51,57,58,11048,28888
2023-06-20 12:25:52,57,58,11048,28898
2023-06-20 12:25:53,57,58,11048,28908
2023-06-20 12:25:54,57,58,11048,28918
2023-06-20 12:25:55,57,58,11048,28928
2023-06-20 12:25:56,57,58,11048,28938
2023-06-20 12:25:57,57,58,11048,28948
2023-06-20 12:26:51,57,59,11048,28948
2023-06-20 12:26:51,57,58,11048,28948
2023-06-20 12:27:16,57,59,11048,28948
2023-06-20 12:27:18,56,59,11048,28948
2023-06-20 12:27:48,58,59,11048,28948
2023-06-20 12:28:19,58,59,11148,29048
2023-06-20 12:28:28,58,60,11148,29048
2023-06-20 12:29:15,58,60,11148,29088
2023-06-20 12:29:15,58,59,11148,29128
2023-06-20 12:29:15,58,60,11148,29128
2023-06-20 12:29:15,58,60,11148,29128
2023-06-20 12:29:33,58,59,11148,29128
2023-06-20 12:30:04,57,59,11148,29148
2023-06-20 12:30:05,56,59,11148,29148
2023-06-20 12:30:05,56,58,11148,29148
2023-06-20 12:30:06,57,58,11148,29148
2023-06-20 12:30:37,57,58,11138,29158
2023-06-20 12:30:39,56,58,11138,29168
2023-06-20 12:32:45,56,57,11138,29168
2023-06-20 12:33:05,55,57,11138,29188
2023-06-20 12:33:29,55,56,11138,29188
2023-06-20 12:33:44,56,57,11148,29253
2023-06-20 12:34:34,55,57,11183,29288
2023-06-20 12:35:04,55,56,11183,29288
2023-06-20 12:35:09,54,55,11153,29418
2023-06-20 12:35:10,54,56,11153,29418
2023-06-20 12:35:43,55,56,11153,29418
2023-06-20 12:36:09,55,56,11193,29458
2023-06-20 12:38:03,56,57,11203,29468
2023-06-20 12:38:59,54,57,11203,29868
2023-06-20 12:38:59,54,56,11203,29868
2023-06-20 12:39:00,54,55,11203,29868
2023-06-20 12:39:06,54,55,11203,29870
2023-06-20 12:39:23,55,56,11203,30168
2023-06-20 12:39:42,54,56,11403,30378
2023-06-20 12:40:23,54,55,11403,30378
2023-06-20 12:40:44,53,54,11393,30388
2023-06-20 12:41:14,52,53,11383,30398
2023-06-20 12:41:14,51,53,11383,30698
2023-06-20 12:41:21,51,52,11383,30698
2023-06-20 12:41:38,50,52,11396,30711
2023-06-20 12:42:07,50,51,11396,30711
2023-06-20 12:42:08,50,51,11396,30861
2023-06-20 12:42:10,50,51,11396,31011
2023-06-20 12:42:15,49,50,11396,31021
2023-06-20 12:42:17,49,50,11396,31171
2023-06-20 12:42:18,48,50,11396,31171
2023-06-20 12:42:18,48,50,11396,31321
2023-06-20 12:42:23,48,49,11396,31321
2023-06-20 12:42:25,48,49,11396,31471
2023-06-20 12:42:25,48,50,11396,31471
2023-06-20 12:42:40,48,50,11396,31621
2023-06-20 12:42:42,48,50,11396,31771
2023-06-20 12:42:48,49,50,11396,31771
2023-06-20 12:42:58,50,51,11396,31834
2023-06-20 12:43:02,50,51,11396,32034
2023-06-20 12:43:36,50,52,11396,32034
2023-06-20 12:44:11,50,51,11396,32034
2023-06-20 12:45:01,49,51,11406,32044
2023-06-20 12:45:14,49,50,11406,32044
2023-06-20 12:46:00,49,51,11406,32044
2023-06-20 12:46:00,50,51,11406,32044
2023-06-20 12:46:35,50,51,11606,32244
2023-06-20 12:46:37,51,52,11606,32254
2023-06-20 12:47:56,52,53,11616,32264
2023-06-20 12:48:27,51,53,11616,32264
2023-06-20 12:48:31,51,52,11616,32264
2023-06-20 12:48:39,50,52,11716,32374
2023-06-20 12:48:51,50,52,11716,32574
2023-06-20 12:48:52,50,51,11716,32574
2023-06-20 12:48:55,49,51,11726,32584
2023-06-20 12:49:10,49,50,11726,32584
2023-06-20 12:49:12,48,49,11726,32604
2023-06-20 12:49:40,49,51,11726,32614
2023-06-20 12:49:40,48,51,11916,32804
2023-06-20 12:49:40,48,50,11916,32804
2023-06-20 12:49:46,48,51,11916,32804
2023-06-20 12:50:05,48,49,11916,32804
2023-06-20 12:50:14,47,49,11926,32814
2023-06-20 12:50:14,47,48,11926,32814
2023-06-20 12:50:18,46,48,11936,32824
2023-06-20 12:50:20,46,47,11936,32824
2023-06-20 12:50:20,46,47,11976,32864
2023-06-20 12:51:08,46,48,11976,32874
2023-06-20 12:51:23,46,47,11976,32874
2023-06-20 12:51:54,46,48,11976,32874
2023-06-20 12:52:04,46,49,11926,32934
2023-06-20 12:52:15,47,49,11926,32934
2023-06-20 12:52:24,48,49,11926,32934
2023-06-20 12:52:26,49,50,11926,32954
2023-06-20 12:52:29,49,51,11926,32964
2023-06-20 12:53:20,50,51,11926,32964
2023-06-20 12:53:35,50,51,11946,32984
2023-06-20 12:53:42,51,52,11956,33094
2023-06-20 12:53:52,50,52,12046,33184
2023-06-20 12:53:52,50,51,12046,33184
2023-06-20 12:54:40,51,52,12136,33274
2023-06-20 12:54:41,51,52,12236,33374
2023-06-20 12:54:42,50,52,12236,33374
2023-06-20 12:54:43,51,52,12236,33374
2023-06-20 12:55:33,52,53,12246,33384
2023-06-20 12:55:55,54,55,12266,33404
2023-06-20 12:56:12,53,55,12266,33404
2023-06-20 12:56:14,52,55,12266,33404
2023-06-20 12:56:22,52,54,12266,33404
2023-06-20 12:56:51,52,53,12266,33404
2023-06-20 12:57:01,51,52,12246,33424
2023-06-20 12:57:11,50,51,12216,33464
2023-06-20 12:57:42,49,50,12216,33484
2023-06-20 12:58:11,49,50,12216,33684
2023-06-20 12:58:25,48,50,12216,33684
2023-06-20 12:58:31,50,51,12216,33694
2023-06-20 12:59:28,51,52,12216,33704
2023-06-20 13:00:27,50,52,12216,33704
2023-06-20 13:00:30,51,52,12216,33704
2023-06-20 13:00:46,52,53,12216,33714
2023-06-20 13:00:51,52,54,12226,33724
2023-06-20 13:00:51,52,55,12226,33924
2023-06-20 13:00:52,53,55,12226,33924
2023-06-20 13:00:53,54,55,12226,33924
2023-06-20 13:01:45,52,55,12226,33924
2023-06-20 13:01:45,53,55,12226,33924
2023-06-20 13:01:46,53,54,12226,33924
2023-06-20 13:01:49,52,54,12226,34124
2023-06-20 13:01:51,52,53,12226,34124
2023-06-20 13:01:51,51,53,12226,34124
2023-06-20 13:01:54,52,53,12226,34124
2023-06-20 13:02:08,52,54,12226,34124
2023-06-20 13:02:29,53,54,12226,34124
2023-06-20 13:03:07,54,55,12236,34134
2023-06-20 13:03:17,55,56,12246,34144
2023-06-20 13:03:17,55,56,12270,34168
2023-06-20 13:03:21,55,56,12286,34184
2023-06-20 13:03:22,55,56,12286,34200
2023-06-20 13:06:11,56,57,12316,34230
2023-06-20 13:06:14,57,58,12326,34240
2023-06-20 13:06:16,57,58,12336,34250
2023-06-20 13:07:08,56,58,12736,34650
2023-06-20 13:07:17,55,58,12736,34650
2023-06-20 13:07:18,56,58,12736,34650
2023-06-20 13:07:24,56,57,12736,34650
2023-06-20 13:07:29,56,57,12736,34850
2023-06-20 13:07:38,56,57,12726,35050
2023-06-20 13:07:40,55,57,12726,35050
2023-06-20 13:08:12,55,56,12726,35050
2023-06-20 13:08:48,55,56,12726,35051
2023-06-20 13:09:16,54,55,12687,35090
2023-06-20 13:09:35,54,55,12667,35129
2023-06-20 13:09:36,53,54,12667,35130
2023-06-20 13:09:37,53,55,12667,35130
2023-06-20 13:10:04,54,55,12667,35130
2023-06-20 13:10:13,55,56,12667,35140
2023-06-20 13:11:39,56,57,12667,35150
2023-06-20 13:11:39,56,57,12707,35190
2023-06-20 13:12:18,55,57,12757,35240
2023-06-20 13:12:29,55,56,12757,35240
2023-06-20 13:12:51,54,55,12757,35250
2023-06-20 13:13:00,53,54,12757,35270
2023-06-20 13:13:27,52,53,12757,35290
2023-06-20 13:13:49,51,53,12757,35290
2023-06-20 13:13:49,51,52,12757,35290
2023-06-20 13:13:53,50,52,12757,35290
2023-06-20 13:14:03,50,51,12757,35290
2023-06-20 13:15:51,51,52,12757,35300
2023-06-20 13:16:02,49,51,12757,35390
2023-06-20 13:16:08,50,51,12757,35390
2023-06-20 13:16:10,50,52,12757,35390
2023-06-20 13:16:27,50,51,12757,35390
2023-06-20 13:16:31,50,52,12757,35390
2023-06-20 13:16:38,50,51,12757,35390
2023-06-20 13:16:40,50,52,12757,35390
2023-06-20 13:16:42,50,51,12757,35390
2023-06-20 13:17:12,49,51,12767,35400
2023-06-20 13:17:47,49,50,12767,35400
2023-06-20 13:17:51,49,50,13167,35800
2023-06-20 13:17:56,48,50,13167,35800
2023-06-20 13:18:15,49,50,13167,35800
2023-06-20 13:18:17,49,50,13154,35813
2023-06-20 13:18:34,50,51,13154,35820
2023-06-20 13:19:07,49,51,13154,35820
2023-06-20 13:19:34,49,50,13154,35820
2023-06-20 13:20:31,49,51,13154,35820
2023-06-20 13:20:51,49,50,13154,35820
2023-06-20 13:20:52,48,49,13154,35840
2023-06-20 13:20:53,47,49,13174,35860
2023-06-20 13:20:53,47,48,13174,35860
2023-06-20 13:20:54,47,48,13174,36060
2023-06-20 13:20:54,47,48,13184,36070
2023-06-20 13:20:55,47,48,13194,36080
2023-06-20 13:20:55,47,48,13194,36280
2023-06-20 13:20:55,47,48,13244,36330
2023-06-20 13:20:56,46,48,13244,36330
2023-06-20 13:20:57,45,48,13244,36330
2023-06-20 13:20:57,45,47,13244,36330
2023-06-20 13:21:00,45,46,13244,36330
2023-06-20 13:21:04,44,46,13244,36330
2023-06-20 13:21:04,44,45,13244,36330
2023-06-20 13:21:04,44,45,13274,36360
2023-06-20 13:21:05,43,45,13274,36360
2023-06-20 13:21:40,43,44,13274,36360
2023-06-20 13:21:43,43,44,13274,36510
2023-06-20 13:21:44,42,44,13274,36510
2023-06-20 13:21:55,42,43,13274,36510
2023-06-20 13:21:55,42,43,13284,36520
2023-06-20 13:22:01,40,43,13334,36570
2023-06-20 13:22:01,40,42,13334,36570
2023-06-20 13:22:05,40,43,13334,36660
2023-06-20 13:22:06,41,43,13334,36660
2023-06-20 13:22:15,41,42,13334,36660
2023-06-20 13:22:15,41,43,13408,36734
2023-06-20 13:22:16,41,42,13408,36734
2023-06-20 13:22:18,41,43,13408,36808
2023-06-20 13:22:23,40,43,13408,36808
2023-06-20 13:22:45,41,43,13408,36808
2023-06-20 13:22:47,40,43,13408,36808
2023-06-20 13:22:56,41,43,13408,36808
2023-06-20 13:23:12,42,43,13408,36808
2023-06-20 13:23:15,42,44,13408,36818
2023-06-20 13:23:23,43,44,13408,36818
2023-06-20 13:23:25,43,45,13408,36828
2023-06-20 13:23:28,45,46,13408,36838
2023-06-20 13:23:31,45,48,13388,36858
2023-06-20 13:23:36,46,48,13388,36858
2023-06-20 13:23:42,47,48,13388,36858
2023-06-20 13:23:48,47,49,13368,36898
2023-06-20 13:23:50,46,49,13368,36898
2023-06-20 13:24:11,46,48,13368,36898
2023-06-20 13:24:39,45,48,13368,36898
2023-06-20 13:24:42,45,47,13368,36898
2023-06-20 13:24:47,45,46,13368,36898
2023-06-20 13:25:38,45,48,13368,36898
2023-06-20 13:26:06,46,48,13368,36898
2023-06-20 13:26:11,47,49,13368,36898
2023-06-20 13:26:12,46,49,13368,36898
2023-06-20 13:26:13,47,49,13368,36898
2023-06-20 13:26:16,46,49,13368,36898
2023-06-20 13:27:08,47,49,13368,36898
2023-06-20 13:27:09,48,49,13368,36898
2023-06-20 13:27:11,48,50,13358,36908
2023-06-20 13:27:13,49,50,13358,36908
2023-06-20 13:27:13,49,50,13378,36928
2023-06-20 13:27:19,50,51,13388,36938
2023-06-20 13:27:31,49,51,13388,36938
2023-06-20 13:27:34,50,51,13388,36938
2023-06-20 13:27:46,51,52,13418,36968
2023-06-20 13:27:58,50,52,13418,36968
2023-06-20 13:28:45,51,52,13418,36968
2023-06-20 13:28:50,50,52,13418,36968
2023-06-20 13:28:52,51,52,13418,36968
2023-06-20 13:29:15,50,52,13418,36968
2023-06-20 13:29:33,51,52,13418,36968
2023-06-20 13:29:40,50,52,13418,36968
2023-06-20 13:29:44,51,52,13418,36968
2023-06-20 13:29:46,50,52,13418,36968
2023-06-20 13:30:22,49,50,13388,36998
2023-06-20 13:30:28,49,50,13378,37198
2023-06-20 13:30:29,48,50,13378,37198
2023-06-20 13:31:26,46,48,13378,37238
2023-06-20 13:31:46,47,48,13378,37238
2023-06-20 13:32:14,48,50,13378,37258
2023-06-20 13:32:24,47,50,13378,37258
2023-06-20 13:33:09,47,49,13378,37258
2023-06-20 13:33:10,47,48,13378,37258
2023-06-20 13:33:14,46,47,13378,37278
2023-06-20 13:33:17,45,47,13398,37298
2023-06-20 13:34:17,46,47,13398,37298
2023-06-20 13:35:44,48,49,13398,37318
2023-06-20 13:35:44,48,49,13418,37338
2023-06-20 13:36:29,46,49,13528,37448
2023-06-20 13:36:31,46,48,13528,37448
2023-06-20 13:37:25,47,48,13528,37448
2023-06-20 13:37:28,49,50,13528,37468
2023-06-20 13:37:38,47,50,13558,37498
2023-06-20 13:38:32,48,50,13558,37498
2023-06-20 13:38:43,49,50,13558,37498
2023-06-20 13:38:51,50,52,13558,37508
2023-06-20 13:39:03,49,52,13558,37508
2023-06-20 13:39:50,50,52,13558,37508
2023-06-20 13:40:23,49,52,13558,37508
2023-06-20 13:40:24,49,50,13558,37508
2023-06-20 13:41:21,49,52,13558,37508
2023-06-20 13:41:26,49,51,13558,37508
2023-06-20 13:43:06,50,51,13558,37508
2023-06-20 13:44:02,49,51,13558,37508
2023-06-20 13:44:08,50,51,13558,37508
2023-06-20 13:44:40,51,52,13558,37518
2023-06-20 13:44:41,50,52,13558,37518
2023-06-20 13:44:43,51,52,13558,37518
2023-06-20 13:45:39,50,52,13558,37518
2023-06-20 13:45:43,51,52,13558,37518
2023-06-20 13:46:18,49,52,13558,37518
2023-06-20 13:46:19,50,52,13558,37518
2023-06-20 13:46:26,50,51,13558,37518
2023-06-20 13:46:28,50,51,13568,37528
2023-06-20 13:46:28,49,50,13568,37538
2023-06-20 13:47:27,49,52,13568,37538
2023-06-20 13:47:29,49,51,13568,37538
2023-06-20 13:48:23,49,50,13568,37538
2023-06-20 13:48:33,49,51,13568,37538
2023-06-20 13:48:35,49,50,13568,37538
2023-06-20 13:49:32,49,51,13568,37538
2023-06-20 13:50:26,51,52,13568,37548
2023-06-20 13:51:11,50,52,13568,37548
2023-06-20 13:51:11,51,52,13568,37548
2023-06-20 13:51:25,52,53,13568,37558
2023-06-20 13:51:26,52,53,13568,37758
2023-06-20 13:51:27,52,55,13568,37758
2023-06-20 13:51:27,53,55,13568,37758
2023-06-20 13:51:41,54,55,13568,37758
2023-06-20 13:51:43,55,57,13588,37778
2023-06-20 13:51:56,56,57,13588,37778
2023-06-20 13:51:58,56,57,13588,37788
2023-06-20 13:51:59,56,58,13598,37798
2023-06-20 13:52:10,56,57,13598,37798
2023-06-20 13:52:15,54,57,13598,37798
2023-06-20 13:52:15,55,57,13598,37798
2023-06-20 13:52:17,55,58,13598,37798
2023-06-20 13:52:20,54,58,13598,37798
2023-06-20 13:52:21,55,58,13598,37798
2023-06-20 13:52:42,56,58,13598,37798
2023-06-20 13:52:43,55,58,13598,37798
2023-06-20 13:52:53,57,58,13598,37798
2023-06-20 13:52:55,58,59,13608,37808
2023-06-20 13:52:56,58,59,13808,38008
2023-06-20 13:53:03,59,60,13818,38018
2023-06-20 13:53:07,58,60,13818,38018
2023-06-20 13:53:36,59,60,13818,38018
2023-06-20 13:53:43,58,60,13818,38018
2023-06-20 13:53:50,59,60,13818,38018
2023-06-20 13:54:21,59,60,13668,38168
2023-06-20 13:54:55,60,61,13678,38178
2023-06-20 13:54:55,60,61,13688,38378
2023-06-20 13:54:56,60,61,13688,38388
2023-06-20 13:54:57,60,63,13688,38388
2023-06-20 13:54:57,60,61,13688,38388
2023-06-20 13:54:58,60,61,13638,38438
2023-06-20 13:55:09,60,61,13638,38440
2023-06-20 13:55:21,59,61,13638,38440
2023-06-20 13:55:24,60,61,13638,38440
2023-06-20 13:55:34,61,63,13648,38600
2023-06-20 13:55:34,61,63,13658,38610
2023-06-20 13:55:34,61,63,13658,38610
2023-06-20 13:56:10,62,63,13658,38610
2023-06-20 13:56:27,63,64,13668,38620
2023-06-20 13:56:27,63,64,13678,38630
2023-06-20 13:56:27,63,64,13768,38720
2023-06-20 13:56:28,62,64,13768,38720
2023-06-20 13:56:29,63,64,13768,38720
2023-06-20 13:56:49,62,64,13768,38720
2023-06-20 13:56:59,62,63,13768,38720
2023-06-20 13:57:07,62,63,13768,38920
2023-06-20 13:57:33,61,62,13758,38930
2023-06-20 13:57:36,61,63,13758,38930
2023-06-20 13:58:14,63,64,13768,39040
2023-06-20 13:58:25,62,64,13768,39040
2023-06-20 13:58:25,62,65,13968,39440
2023-06-20 13:58:25,62,64,13968,39440
2023-06-20 13:58:26,64,65,13968,39450
2023-06-20 13:58:27,64,65,13968,39460
2023-06-20 13:59:19,63,64,13808,39620
2023-06-20 14:01:35,62,64,13808,39620
2023-06-20 14:01:35,63,64,13808,39620
2023-06-20 14:02:35,62,64,13808,39620
2023-06-20 14:02:35,63,64,13808,39620
2023-06-20 14:03:04,63,64,13816,39628
2023-06-20 14:03:07,62,64,13816,39628
2023-06-20 14:03:07,63,64,13816,39628
2023-06-20 14:03:07,63,64,13861,39673
2023-06-20 14:03:07,63,64,13906,39718
2023-06-20 14:03:43,62,64,13906,39718
2023-06-20 14:03:43,63,64,13906,39718
2023-06-20 14:04:01,62,64,13906,39718
2023-06-20 14:04:01,63,64,13906,39718
2023-06-20 14:04:58,62,64,13906,39718
2023-06-20 14:05:04,63,64,13906,39718
2023-06-20 14:06:02,62,64,13906,39718
2023-06-20 14:06:03,63,64,13906,39718
2023-06-20 14:07:05,62,64,13906,39718
2023-06-20 14:07:05,63,64,13906,39718
2023-06-20 14:07:33,62,64,13906,39718
2023-06-20 14:07:34,63,64,13906,39718
2023-06-20 14:08:12,64,65,13916,39728
2023-06-20 14:09:08,63,65,13916,39728
2023-06-20 14:09:12,64,65,13916,39728
2023-06-20 14:10:12,63,65,13916,39728
2023-06-20 14:10:12,64,65,13916,39728
2023-06-20 14:10:17,64,66,13916,39738
2023-06-20 14:11:16,64,65,13916,39738
2023-06-20 14:11:30,64,66,13916,39738
2023-06-20 14:11:30,64,65,13916,39738
2023-06-20 14:12:02,64,66,13781,39873
2023-06-20 14:12:31,64,67,13557,40107
2023-06-20 14:12:49,64,66,13557,40107
2023-06-20 14:12:53,64,67,13557,40117
2023-06-20 14:13:01,64,66,13557,40117
2023-06-20 14:13:13,64,67,13557,40117
2023-06-20 14:13:13,65,67,13557,40117
2023-06-20 14:13:13,65,66,13557,40117
2023-06-20 14:13:57,65,67,13513,40161
2023-06-20 14:14:14,65,66,13513,40161
2023-06-20 14:14:20,65,67,13469,40205
2023-06-20 14:15:47,66,67,13469,40205
2023-06-20 14:15:48,65,66,13469,40335
2023-06-20 14:15:53,64,65,13459,40345
2023-06-20 14:15:55,65,66,13459,40545
2023-06-20 14:16:09,64,65,13459,40561
2023-06-20 14:16:10,64,66,13459,40561
2023-06-20 14:16:12,64,65,13459,40561
2023-06-20 14:16:37,64,65,13439,40761
2023-06-20 14:16:44,64,66,13439,40761
2023-06-20 14:17:44,64,65,13439,40761
2023-06-20 14:17:52,63,64,13429,40942
2023-06-20 14:17:53,63,65,13429,40942
2023-06-20 14:17:54,64,65,13429,40942
2023-06-20 14:18:44,63,65,13429,40942
2023-06-20 14:19:14,63,64,13429,40942
2023-06-20 14:19:25,63,65,13429,40942
2023-06-20 14:19:25,63,64,13429,40942
2023-06-20 14:19:37,62,64,13399,41272
2023-06-20 14:19:37,61,64,13399,41272
2023-06-20 14:19:37,61,63,13399,41272
2023-06-20 14:19:37,60,63,13399,41272
2023-06-20 14:19:38,60,62,13399,41272
2023-06-20 14:20:02,61,62,13399,41272
2023-06-20 14:20:05,61,63,13099,41582
2023-06-20 14:20:06,60,63,13099,41582
2023-06-20 14:20:31,60,62,13099,41582
2023-06-20 14:21:02,59,62,13099,41582
2023-06-20 14:21:14,59,61,13099,41582
2023-06-20 14:21:37,59,62,13099,41582
2023-06-20 14:21:37,59,61,13099,41582
2023-06-20 14:21:37,60,61,13099,41582
2023-06-20 14:21:56,59,60,13089,41633
2023-06-20 14:22:01,58,59,13079,41643
2023-06-20 14:22:02,58,60,13079,41643
2023-06-20 14:22:17,58,60,13079,41644
2023-06-20 14:22:43,58,59,13079,41644
2023-06-20 14:22:47,58,60,13079,41644
2023-06-20 14:22:49,58,59,13079,41644
2023-06-20 14:22:51,58,59,13091,41656
2023-06-20 14:23:08,58,61,13010,41747
2023-06-20 14:23:31,59,61,13010,41747
2023-06-20 14:23:35,61,62,13023,41760
2023-06-20 14:23:35,61,62,13063,41800
2023-06-20 14:23:35,59,62,13090,41827
2023-06-20 14:23:36,60,62,13090,41827
2023-06-20 14:24:07,60,61,13090,41827
2023-06-20 14:24:09,60,62,13090,41827
2023-06-20 14:24:10,60,61,13090,41827
2023-06-20 14:24:15,59,60,13070,41847
2023-06-20 14:24:16,59,61,13070,41847
2023-06-20 14:24:34,61,62,13080,41857
2023-06-20 14:25:04,59,61,13080,41886
2023-06-20 14:25:05,59,62,13080,41886
2023-06-20 14:25:11,59,61,13080,41886
2023-06-20 14:25:15,59,60,13080,41886
2023-06-20 14:25:18,59,60,13060,42086
2023-06-20 14:25:21,58,60,13060,42086
2023-06-20 14:26:02,59,60,13060,42086
2023-06-20 14:26:25,60,61,13070,42096
2023-06-20 14:26:26,61,62,13080,42106
2023-06-20 14:27:12,58,62,13080,42106
2023-06-20 14:27:12,59,62,13080,42106
2023-06-20 14:27:12,59,61,13080,42106
2023-06-20 14:27:25,59,60,13080,42106
2023-06-20 14:27:31,58,60,13080,42106
2023-06-20 14:27:55,58,59,13080,42106
2023-06-20 14:28:23,58,61,13080,42106
2023-06-20 14:28:23,59,61,13080,42106
2023-06-20 14:28:23,59,60,13080,42106
2023-06-20 14:28:23,59,60,13090,42116
2023-06-20 14:29:17,58,59,13070,42164
2023-06-20 14:29:18,57,59,13070,42184
2023-06-20 14:29:36,57,58,13070,42184
2023-06-20 14:30:01,56,57,13050,42204
2023-06-20 14:31:24,56,58,13080,42234
2023-06-20 14:31:25,57,58,13080,42234
2023-06-20 14:32:21,59,60,13100,42254
2023-06-20 14:32:31,57,60,13100,42254
2023-06-20 14:32:34,57,59,13100,42254
2023-06-20 14:32:41,57,60,13100,42254
2023-06-20 14:33:13,58,60,13100,42254
2023-06-20 14:33:16,59,60,13100,42254
2023-06-20 14:33:28,60,61,13100,42264
2023-06-20 14:33:28,59,61,13100,42264
2023-06-20 14:33:45,60,61,13100,42264
2023-06-20 14:34:01,61,62,13110,42274
2023-06-20 14:34:01,61,62,13111,42275
2023-06-20 14:34:06,62,63,13120,42284
2023-06-20 14:34:09,63,64,13153,42317
2023-06-20 14:34:09,63,65,13153,42317
2023-06-20 14:34:10,64,65,13153,42317
2023-06-20 14:34:10,64,66,13153,42317
2023-06-20 14:34:13,65,66,13153,42317
2023-06-20 14:34:23,66,67,13163,42327
2023-06-20 14:34:28,65,67,13163,42327
2023-06-20 14:34:38,66,67,13163,42327
2023-06-20 14:34:44,66,67,13163,42398
2023-06-20 14:34:44,65,66,13163,42527
2023-06-20 14:35:47,65,67,13163,42527
2023-06-20 14:36:15,66,67,13163,42527
2023-06-20 14:36:24,66,68,13163,42547
2023-06-20 14:36:30,67,68,13163,42547
2023-06-20 14:36:36,68,69,13173,42557
2023-06-20 14:36:40,68,70,13173,42557
2023-06-20 14:36:41,68,69,13173,42557
2023-06-20 14:37:06,69,70,13193,42577
2023-06-20 14:37:15,70,71,13203,42587
2023-06-20 14:37:24,69,71,13203,42587
2023-06-20 14:38:37,68,71,13203,42597
2023-06-20 14:38:37,68,69,13203,42597
2023-06-20 14:39:11,68,69,13202,42598
2023-06-20 14:40:34,69,71,13212,42608
2023-06-20 14:40:35,70,71,13212,42608
2023-06-20 14:40:47,70,72,13222,42618
2023-06-20 14:41:01,71,72,13222,42618
2023-06-20 14:41:01,71,72,13322,42718
2023-06-20 14:41:02,72,73,13332,42728
2023-06-20 14:41:34,73,74,13342,42738
2023-06-20 14:42:40,72,73,13542,42938
2023-06-20 14:42:43,73,74,13586,42982
2023-06-20 14:43:06,74,75,13596,42992
2023-06-20 14:43:07,74,75,13616,43012
2023-06-20 14:43:27,74,75,13672,43068
2023-06-20 14:44:09,75,76,13682,43078
2023-06-20 14:44:09,75,76,13692,43088
2023-06-20 14:44:09,74,76,13872,43268
2023-06-20 14:44:15,74,76,13909,43305
2023-06-20 14:44:16,75,76,13909,43305
2023-06-20 14:44:42,75,76,13919,43315
2023-06-20 14:44:43,74,76,13919,43315
2023-06-20 14:45:01,75,76,13919,43315
2023-06-20 14:45:08,76,77,13929,43325
2023-06-20 14:45:39,76,77,13939,43335
2023-06-20 14:45:40,76,77,13949,43345
2023-06-20 14:45:40,77,78,13969,43365
2023-06-20 14:45:40,77,78,13979,43375
2023-06-20 14:46:20,77,78,13989,43385
2023-06-20 14:47:15,76,78,14043,43439
2023-06-20 14:47:16,77,78,14043,43439
2023-06-20 14:47:27,76,77,14097,43493
2023-06-20 14:48:19,75,76,14087,43503
2023-06-20 14:48:24,75,77,14087,43503
2023-06-20 14:48:58,75,76,14087,43503
2023-06-20 14:49:03,75,77,14087,43503
2023-06-20 14:49:58,74,77,14432,43878
2023-06-20 14:49:58,74,76,14432,43878
2023-06-20 14:50:11,74,75,14432,43878
2023-06-20 14:50:28,73,74,14412,43898
2023-06-20 14:50:28,72,74,14412,43898
2023-06-20 14:50:41,72,75,14112,44208
2023-06-20 14:50:44,72,74,14112,44208
2023-06-20 14:50:45,72,75,13975,44408
2023-06-20 14:50:57,72,74,13975,44408
2023-06-20 14:51:03,72,75,13975,44408
2023-06-20 14:52:18,74,75,13975,44408
2023-06-20 14:52:23,74,76,13985,44418
2023-06-20 14:52:31,74,76,14185,44618
2023-06-20 14:52:31,74,77,14185,44618
2023-06-20 14:52:31,75,77,14185,44618
2023-06-20 14:52:34,76,77,14185,44618
2023-06-20 14:52:43,76,78,14541,44974
2023-06-20 14:53:08,76,77,14541,44974
2023-06-20 14:53:19,78,79,14583,45016
2023-06-20 14:53:20,77,79,14583,45016
2023-06-20 14:53:23,77,79,14516,45083
2023-06-20 14:53:35,77,78,14516,45083
2023-06-20 14:54:01,77,78,14535,45102
2023-06-20 14:54:08,79,80,14567,45134
2023-06-20 14:54:08,79,80,14577,45144
2023-06-20 14:54:30,79,80,14421,45500
2023-06-20 14:55:14,79,80,14421,45750
2023-06-20 14:55:14,79,80,14421,45792
2023-06-20 14:55:17,77,80,14421,45834
2023-06-20 14:55:33,77,79,14421,45834
2023-06-20 14:55:34,77,78,14421,45834
2023-06-20 14:55:50,77,79,14421,45834
2023-06-20 14:56:15,77,78,14421,45834
2023-06-20 14:56:42,76,77,14401,45854
2023-06-20 14:56:47,76,78,14401,46054
2023-06-20 14:57:13,76,77,14401,46054
2023-06-20 14:57:38,75,76,14371,46084
2023-06-20 14:57:51,74,75,14351,46104
2023-06-20 14:58:13,73,75,14351,46104
2023-06-20 14:58:21,73,74,14351,46104
2023-06-20 14:58:40,73,74,14351,46304
2023-06-20 14:58:40,72,74,14351,46304
2023-06-20 14:58:41,72,73,14351,46304
2023-06-20 14:58:56,71,73,14351,46304
2023-06-20 14:59:09,71,72,14351,46304
2023-06-20 14:59:10,70,72,14351,46304
2023-06-20 14:59:16,71,72,14351,46304
2023-06-20 14:59:19,71,73,14351,46504
2023-06-20 14:59:21,71,74,14361,46714
2023-06-20 14:59:30,72,74,14361,46714
2023-06-20 14:59:32,73,74,14361,46714
2023-06-20 14:59:35,74,76,14381,46734
2023-06-20 14:59:42,74,76,14576,46929
2023-06-20 15:00:02,74,76,14376,47129
2023-06-20 15:00:02,74,75,14376,47129
2023-06-20 15:00:07,72,75,14376,47129
2023-06-20 15:00:08,72,74,14376,47129
2023-06-20 15:00:09,71,72,14351,47154
2023-06-20 15:00:29,70,71,14341,47164
2023-06-20 15:00:31,70,72,14341,47164
2023-06-20 15:00:36,71,72,14341,47164
2023-06-20 15:00:41,70,72,14341,47164
2023-06-20 15:00:56,70,73,14351,47174
2023-06-20 15:01:00,71,73,14351,47174
2023-06-20 15:01:05,72,73,14351,47174
2023-06-20 15:01:08,74,75,14361,47184
2023-06-20 15:01:38,75,76,14371,47194
2023-06-20 15:01:51,75,77,14381,47204
2023-06-20 15:01:55,76,77,14381,47204
2023-06-20 15:01:56,77,78,14391,47214
2023-06-20 15:01:57,77,78,14591,47414
2023-06-20 15:02:02,77,79,14701,47524
2023-06-20 15:02:03,77,79,14901,47724
2023-06-20 15:02:03,78,79,14901,47724
2023-06-20 15:02:03,78,80,14901,47724
2023-06-20 15:02:35,78,80,14901,47734
2023-06-20 15:02:37,78,79,14901,47734
2023-06-20 15:02:38,78,80,14901,47734
2023-06-20 15:02:40,78,79,14901,47734
2023-06-20 15:02:44,78,79,14701,47934
2023-06-20 15:03:12,79,80,14711,47944
2023-06-20 15:03:12,79,80,14721,47954
2023-06-20 15:03:13,79,80,14731,47964
2023-06-20 15:03:24,80,81,14741,47974
2023-06-20 15:03:24,79,81,14931,48164
2023-06-20 15:03:24,80,81,14931,48164
2023-06-20 15:03:24,80,81,14931,48264
2023-06-20 15:03:25,80,81,14931,48274
2023-06-20 15:03:32,81,82,14941,48284
2023-06-20 15:03:33,81,82,14951,48294
2023-06-20 15:03:43,81,82,14951,48304
2023-06-20 15:04:02,81,82,14951,48354
2023-06-20 15:04:06,82,83,14961,48499
2023-06-20 15:04:06,82,83,14971,48509
2023-06-20 15:04:07,81,83,14971,48509
2023-06-20 15:04:07,81,82,14971,48509
2023-06-20 15:06:06,81,84,14991,48642
2023-06-20 15:06:06,81,83,14991,48642
2023-06-20 15:06:06,82,83,14991,48642
2023-06-20 15:06:07,81,83,14991,48822
2023-06-20 15:06:07,81,82,14991,48822
2023-06-20 15:06:09,81,84,15121,48952
2023-06-20 15:06:22,81,83,15121,48952
2023-06-20 15:06:44,83,84,15131,49029
2023-06-20 15:06:45,81,84,15131,49029
2023-06-20 15:09:09,81,85,15441,49339
2023-06-20 15:09:09,82,85,15441,49339
2023-06-20 15:09:11,82,84,15441,49339
2023-06-20 15:09:28,82,83,15441,49339
2023-06-20 15:09:30,82,83,15241,49539
2023-06-20 15:09:32,81,83,15241,49659
2023-06-20 15:09:39,81,82,15241,49659
2023-06-20 15:10:01,81,83,15241,49659
2023-06-20 15:10:16,82,83,15241,49659
2023-06-20 15:10:33,82,84,15441,49859
2023-06-20 15:10:33,81,84,15441,49859
2023-06-20 15:10:33,81,85,15441,49859
2023-06-20 15:10:33,83,85,15441,49859
2023-06-20 15:10:34,83,85,15441,49869
2023-06-20 15:10:34,84,85,15441,49869
2023-06-20 15:10:34,84,85,15576,50004
2023-06-20 15:10:35,83,85,15576,50004
2023-06-20 15:10:50,84,85,15576,50004
2023-06-20 15:10:50,84,85,15576,50139
2023-06-20 15:10:50,84,85,15576,50149
2023-06-20 15:12:25,83,85,15576,50149
2023-06-20 15:12:31,83,84,15576,50149
2023-06-20 15:12:33,83,85,15576,50149
2023-06-20 15:12:42,83,84,15576,50149
2023-06-20 15:12:54,81,82,15531,50194
2023-06-20 15:12:58,80,81,15501,50224
2023-06-20 15:13:05,80,81,15501,50424
2023-06-20 15:13:09,80,82,15501,50424
2023-06-20 15:13:19,81,82,15501,50424
2023-06-20 15:13:25,81,84,15521,50644
2023-06-20 15:13:34,81,83,15521,50644
2023-06-20 15:13:54,81,84,15531,50654
2023-06-20 15:14:31,81,82,15531,50654
2023-06-20 15:14:56,81,84,15531,50654
2023-06-20 15:14:57,81,83,15531,50654
2023-06-20 15:15:20,81,84,15531,50654
2023-06-20 15:15:38,81,85,15841,50964
2023-06-20 15:15:38,83,85,15841,50964
2023-06-20 15:16:11,84,85,15841,50964
2023-06-20 15:16:17,85,86,15861,50984
2023-06-20 15:16:17,85,86,15881,51004
2023-06-20 15:16:18,85,87,15881,51004
2023-06-20 15:16:37,85,86,15881,51004
2023-06-20 15:17:01,85,87,15891,51014
2023-06-20 15:17:01,86,87,15891,51014
2023-06-20 15:17:01,86,87,15891,51024
2023-06-20 15:17:13,87,88,15911,51044
2023-06-20 15:17:13,86,88,16091,51224
2023-06-20 15:17:16,86,87,16091,51224
2023-06-20 15:19:04,85,87,16091,51534
2023-06-20 15:20:06,85,87,16092,51535
2023-06-20 15:20:54,85,87,16092,51547
2023-06-20 15:21:25,84,85,16074,51565
2023-06-20 15:21:26,84,85,16074,51715
2023-06-20 15:21:27,84,86,16074,51715
2023-06-20 15:21:34,84,87,16084,51925
2023-06-20 15:21:44,84,86,16084,51925
2023-06-20 15:21:45,84,87,16084,51925
2023-06-20 15:21:53,85,87,16084,51925
2023-06-20 15:21:55,85,88,16212,52053
2023-06-20 15:21:56,86,88,16212,52053
2023-06-20 15:22:34,86,87,16212,52053
2023-06-20 15:22:45,83,84,16137,52222
2023-06-20 15:22:46,83,86,16137,52222
2023-06-20 15:22:47,83,84,16137,52222
2023-06-20 15:22:53,83,86,16137,52222
2023-06-20 15:22:53,83,84,16137,52222
2023-06-20 15:23:00,83,85,16147,52232
2023-06-20 15:23:01,83,85,16147,52382
2023-06-20 15:23:02,83,86,16147,52382
2023-06-20 15:23:02,83,85,16147,52382
2023-06-20 15:23:03,83,86,16157,52532
2023-06-20 15:23:31,84,86,16157,52532
2023-06-20 15:23:32,83,86,16157,52532
2023-06-20 15:23:43,84,86,16157,52532
2023-06-20 15:23:45,83,86,16157,52532
2023-06-20 15:23:54,84,86,16157,52532
2023-06-20 15:24:11,83,84,16147,52542
2023-06-20 15:24:12,83,84,16147,52692
2023-06-20 15:24:31,83,85,16147,52692
2023-06-20 15:25:21,83,86,16157,52702
2023-06-20 15:25:28,84,86,16157,52702
2023-06-20 15:25:33,83,86,16157,52702
2023-06-20 15:25:33,84,86,16157,52702
2023-06-20 15:25:41,84,85,16157,52702
2023-06-20 15:25:45,83,85,16157,52702
2023-06-20 15:25:50,83,84,16157,52702
2023-06-20 15:25:58,82,84,16157,52702
2023-06-20 15:26:05,82,85,16157,52702
2023-06-20 15:26:07,82,86,16157,52702
2023-06-20 15:26:07,85,86,16157,52702
2023-06-20 15:26:07,82,86,16157,52702
2023-06-20 15:26:10,82,87,16212,52957
2023-06-20 15:26:10,84,87,16212,52957
2023-06-20 15:26:10,86,87,16212,52957
2023-06-20 15:26:10,84,87,16212,52957
2023-06-20 15:26:11,84,86,16212,52957
2023-06-20 15:26:15,84,87,16257,53002
2023-06-20 15:26:23,84,86,16257,53002
2023-06-20 15:26:35,84,87,16257,53002
2023-06-20 15:26:37,84,86,16257,53002
2023-06-20 15:26:39,84,87,16257,53002
2023-06-20 15:26:46,84,86,16257,53002
2023-06-20 15:26:56,84,87,16257,53002
2023-06-20 15:26:56,85,87,16257,53002
2023-06-20 15:27:12,86,87,16257,53002
2023-06-20 15:27:25,88,89,16267,53012
2023-06-20 15:27:39,88,91,16277,53022
2023-06-20 15:27:51,88,90,16277,53022
2023-06-20 15:27:52,88,91,16277,53022
2023-06-20 15:27:56,89,91,16277,53022
2023-06-20 15:28:08,90,91,16277,53022
2023-06-20 15:28:36,90,92,16287,53032
2023-06-20 15:28:37,89,92,16287,53032
2023-06-20 15:28:37,91,92,16287,53032
2023-06-20 15:29:00,89,91,16197,53122
2023-06-20 15:29:00,88,91,16197,53122
2023-06-20 15:29:04,88,90,16197,53122
2023-06-20 15:29:06,87,90,16197,53122
2023-06-20 15:29:13,87,88,16197,53122
2023-06-20 15:29:27,85,86,16177,53142
2023-06-20 15:29:27,84,86,16177,53142
2023-06-20 15:29:30,84,85,16177,53142
2023-06-20 15:29:36,84,85,16177,53154
2023-06-20 15:29:39,84,86,16177,53154
2023-06-20 15:29:44,84,85,16177,53154
2023-06-20 15:29:51,84,86,16177,53154
2023-06-20 15:29:52,84,85,16177,53154
2023-06-20 15:29:54,83,85,16177,53154
2023-06-20 15:29:56,83,86,16177,53154
2023-06-20 15:30:04,83,85,16177,53154
2023-06-20 15:30:18,82,83,16149,53182
2023-06-20 15:30:21,80,82,16111,53220
2023-06-20 15:30:21,79,82,16111,53220
2023-06-20 15:30:22,79,83,16111,53220
2023-06-20 15:30:23,80,83,16111,53220
2023-06-20 15:30:25,79,83,16111,53220
2023-06-20 15:30:26,80,83,16111,53220
2023-06-20 15:30:31,80,82,16111,53220
2023-06-20 15:30:32,80,83,16111,53220
2023-06-20 15:31:01,81,83,16111,53220
2023-06-20 15:31:01,82,83,16111,53220
2023-06-20 15:31:04,81,83,16111,53220
2023-06-20 15:31:22,82,83,16111,53220
2023-06-20 15:31:55,83,85,16121,53230
2023-06-20 15:31:57,84,85,16121,53230
2023-06-20 15:32:04,84,86,16131,53240
2023-06-20 15:32:09,84,88,16141,53250
2023-06-20 15:32:17,84,87,16141,53250
2023-06-20 15:32:42,85,87,16141,53250
2023-06-20 15:32:52,87,88,16151,53260
2023-06-20 15:32:54,88,89,16161,53270
2023-06-20 15:33:10,89,90,16171,53280
2023-06-20 15:33:14,90,91,16181,53290
2023-06-20 15:33:14,90,92,16181,53290
2023-06-20 15:33:23,89,92,16181,53290
2023-06-20 15:33:24,89,91,16181,53290
2023-06-20 15:33:27,90,91,16181,53290
2023-06-20 15:33:27,90,92,16181,53290
2023-06-20 15:33:38,89,92,16181,53290
2023-06-20 15:34:21,90,92,16181,53290
2023-06-20 15:34:40,89,92,16181,53290
2023-06-20 15:34:41,88,92,16181,53290
2023-06-20 15:34:45,88,91,16181,53290
2023-06-20 15:34:53,88,92,16181,53290
2023-06-20 15:34:53,88,91,16181,53290
2023-06-20 15:34:55,89,91,16181,53290
2023-06-20 15:35:10,89,92,16191,53300
2023-06-20 15:35:34,89,93,16246,53355
2023-06-20 15:35:34,91,93,16246,53355
2023-06-20 15:35:52,91,92,16246,53355
2023-06-20 15:35:54,90,92,16236,53365
2023-06-20 15:35:58,90,91,16236,53365
2023-06-20 15:35:58,88,91,16171,53430
2023-06-20 15:36:18,89,91,16171,53430
2023-06-20 15:36:23,88,91,16171,53430
2023-06-20 15:36:24,88,92,16181,53440
2023-06-20 15:36:26,88,91,16181,53440
2023-06-20 15:36:35,88,92,16236,53695
2023-06-20 15:36:35,89,92,16236,53695
2023-06-20 15:36:38,88,92,16236,53695
2023-06-20 15:36:38,90,92,16236,53695
2023-06-20 15:37:09,90,91,16236,53695
2023-06-20 15:37:10,90,91,16236,53705
2023-06-20 15:37:10,89,91,16236,53715
2023-06-20 15:37:20,89,90,16236,53715
2023-06-20 15:37:34,88,90,16236,53735
2023-06-20 15:37:43,88,89,16236,53735
2023-06-20 15:37:44,87,89,16226,53745
2023-06-20 15:37:48,87,88,16226,53745
2023-06-20 15:37:48,85,88,16226,53745
2023-06-20 15:37:48,86,88,16226,53745
2023-06-20 15:37:58,85,88,16226,53745
2023-06-20 15:37:58,87,88,16226,53745
2023-06-20 15:38:01,85,88,16226,53745
2023-06-20 15:38:01,86,88,16226,53745
2023-06-20 15:38:09,85,88,16226,53745
2023-06-20 15:38:09,87,88,16226,53745
2023-06-20 15:38:39,85,88,16226,53745
2023-06-20 15:38:39,84,88,16226,53745
2023-06-20 15:38:39,86,88,16226,53745
2023-06-20 15:38:40,86,89,16236,53755
2023-06-20 15:38:41,85,89,16236,53755
2023-06-20 15:38:41,87,89,16236,53755
2023-06-20 15:38:57,87,88,16236,53755
2023-06-20 15:39:01,87,89,16236,53755
2023-06-20 15:39:06,87,90,16291,54010
2023-06-20 15:39:27,88,90,16291,54010
2023-06-20 15:39:53,89,90,16291,54010
2023-06-20 15:39:53,89,90,16291,54020
2023-06-20 15:39:54,88,90,16211,54100
2023-06-20 15:39:58,89,90,16211,54100
2023-06-20 15:40:01,89,92,16221,54110
2023-06-20 15:40:01,89,91,16221,54110
2023-06-20 15:40:06,88,91,16221,54110
2023-06-20 15:40:12,88,90,16221,54110
2023-06-20 15:40:17,88,89,16221,54110
2023-06-20 15:40:18,86,89,16221,54110
2023-06-20 15:40:39,86,90,16221,54110
2023-06-20 15:40:42,87,90,16221,54110
2023-06-20 15:40:42,87,91,16221,54110
2023-06-20 15:40:52,88,91,16221,54110
2023-06-20 15:40:58,88,90,16221,54110
2023-06-20 15:41:02,89,90,16221,54110
2023-06-20 15:41:52,88,90,16221,54110
2023-06-20 15:42:22,85,90,16221,54110
2023-06-20 15:42:24,85,89,16221,54110
2023-06-20 15:42:31,85,88,16221,54110
2023-06-20 15:42:32,85,87,16221,54110
2023-06-20 15:42:40,82,87,16221,54110
2023-06-20 15:42:41,83,87,16221,54110
2023-06-20 15:42:41,83,88,16221,54110
2023-06-20 15:42:59,82,88,16181,54150
2023-06-20 15:42:59,82,87,16181,54150
2023-06-20 15:43:02,83,87,16181,54150
2023-06-20 15:43:05,82,87,16181,54150
2023-06-20 15:43:10,83,87,16181,54150
2023-06-20 15:43:13,84,87,16181,54150
2023-06-20 15:43:17,85,87,16181,54150
2023-06-20 15:43:17,85,87,16221,54190
2023-06-20 15:43:17,84,85,16226,54195
2023-06-20 15:43:25,83,85,16216,54205
2023-06-20 15:43:28,82,85,16216,54215
2023-06-20 15:43:31,83,85,16216,54215
2023-06-20 15:43:33,82,85,16216,54215
2023-06-20 15:43:34,82,84,16216,54215
2023-06-20 15:43:38,82,85,16216,54215
2023-06-20 15:43:38,82,83,16216,54215
2023-06-20 15:43:39,81,83,16216,54255
2023-06-20 15:43:42,80,83,16216,54255
2023-06-20 15:43:46,80,82,16216,54255
2023-06-20 15:43:50,80,83,16216,54255
2023-06-20 15:43:50,79,83,16216,54255
2023-06-20 15:43:50,79,81,16216,54255
2023-06-20 15:43:51,79,83,16216,54255
2023-06-20 15:43:51,79,82,16216,54255
2023-06-20 15:43:51,79,80,16216,54255
2023-06-20 15:43:51,78,80,16216,54255
2023-06-20 15:43:54,78,83,16216,54255
2023-06-20 15:43:54,78,82,16216,54255
2023-06-20 15:43:54,78,81,16216,54255
2023-06-20 15:43:58,79,81,16216,54255
2023-06-20 15:44:00,80,81,16216,54255
2023-06-20 15:44:11,79,81,16216,54255
2023-06-20 15:44:21,79,80,16216,54255
2023-06-20 15:44:23,78,80,16216,54274
2023-06-20 15:44:28,79,80,16216,54274
2023-06-20 15:44:45,78,80,16216,54286
2023-06-20 15:44:47,78,79,16216,54286
2023-06-20 15:44:53,77,79,16176,54326
2023-06-20 15:44:55,77,80,16176,54326
2023-06-20 15:44:55,77,79,16176,54326
2023-06-20 15:44:55,77,78,16176,54326
2023-06-20 15:44:57,74,78,16176,54326
2023-06-20 15:44:57,74,76,16176,54326
2023-06-20 15:45:02,74,78,16176,54326
2023-06-20 15:45:02,74,76,16176,54326
2023-06-20 15:45:02,74,75,16176,54326
2023-06-20 15:45:05,72,75,16136,54366
2023-06-20 15:45:06,72,76,16136,54366
2023-06-20 15:45:06,72,74,16136,54366
2023-06-20 15:45:08,72,75,16136,54366
2023-06-20 15:45:08,72,73,16136,54366
2023-06-20 15:45:11,72,75,16136,54366
2023-06-20 15:45:11,72,74,16136,54366
2023-06-20 15:45:24,72,73,16136,54366
2023-06-20 15:45:29,70,73,16096,54406
2023-06-20 15:45:29,70,74,16096,54406
2023-06-20 15:45:30,70,72,16096,54406
2023-06-20 15:45:32,71,72,16096,54406
2023-06-20 15:45:32,71,73,16096,54406
2023-06-20 15:45:33,71,73,16096,54425
2023-06-20 15:45:35,72,73,16096,54425
2023-06-20 15:45:35,72,74,16096,54425
2023-06-20 15:45:43,73,74,16096,54425
2023-06-20 15:45:53,74,75,16106,54435
2023-06-20 15:46:09,74,76,16117,54446
2023-06-20 15:46:09,75,76,16117,54446
2023-06-20 15:46:10,74,76,16117,54446
2023-06-20 15:46:13,74,75,16117,54446
2023-06-20 15:46:28,74,75,16077,54510
2023-06-20 15:46:28,74,75,16110,54543
2023-06-20 15:46:28,73,75,16110,54543
2023-06-20 15:46:29,73,74,16110,54543
2023-06-20 15:46:33,71,74,16110,54543
2023-06-20 15:46:33,71,75,16110,54543
2023-06-20 15:46:35,72,75,16110,54543
2023-06-20 15:46:40,71,75,16110,54543
2023-06-20 15:46:41,71,74,16110,54543
2023-06-20 15:46:46,72,74,16110,54543
2023-06-20 15:46:46,73,74,16110,54543
2023-06-20 15:46:46,73,75,16110,54543
2023-06-20 15:46:47,73,79,16129,54562
2023-06-20 15:46:47,73,78,16129,54562
2023-06-20 15:46:47,74,78,16129,54562
2023-06-20 15:46:47,74,79,16129,54562
2023-06-20 15:46:48,72,79,16129,54562
2023-06-20 15:46:48,75,79,16129,54562
2023-06-20 15:46:48,76,79,16129,54562
2023-06-20 15:46:48,77,79,16129,54562
2023-06-20 15:46:48,78,79,16129,54562
2023-06-20 15:46:49,76,79,16129,54712
2023-06-20 15:46:50,76,80,16129,54712
2023-06-20 15:46:52,76,81,16129,54712
2023-06-20 15:46:52,76,79,16129,54712
2023-06-20 15:46:56,76,78,16129,54712
2023-06-20 15:46:57,75,78,16129,54712
2023-06-20 15:46:58,76,78,16129,54712
2023-06-20 15:47:00,77,78,16129,54712
2023-06-20 15:47:08,77,79,16139,54722
2023-06-20 15:47:08,78,79,16139,54722
2023-06-20 15:47:20,77,78,16099,54762
2023-06-20 15:47:26,77,79,16099,54822
2023-06-20 15:47:26,78,79,16099,54822
2023-06-20 15:47:29,77,79,16099,54822
2023-06-20 15:47:32,77,78,16099,54822
2023-06-20 15:47:42,77,79,16099,54991
2023-06-20 15:47:42,77,78,16099,54991
2023-06-20 15:47:46,74,78,16099,54991
2023-06-20 15:48:00,74,79,16099,54991
2023-06-20 15:48:03,75,79,16099,54991
2023-06-20 15:48:10,76,79,16099,54991
2023-06-20 15:48:12,77,79,16099,54991
2023-06-20 15:48:27,78,79,16099,54991
2023-06-20 15:48:29,78,80,16109,55001
2023-06-20 15:48:31,77,80,16109,55001
2023-06-20 15:48:32,77,79,16109,55001
2023-06-20 15:48:34,75,79,16109,55001
2023-06-20 15:48:43,75,78,16109,55001
2023-06-20 15:48:44,75,79,16109,55001
2023-06-20 15:48:52,75,77,16109,55001
2023-06-20 15:48:55,73,77,16109,55001
2023-06-20 15:49:01,73,78,16109,55001
2023-06-20 15:49:03,73,77,16109,55001
2023-06-20 15:49:04,73,76,16109,55001
2023-06-20 15:49:09,73,77,16109,55001
2023-06-20 15:49:12,73,76,16109,55001
2023-06-20 15:49:15,73,77,16109,55001
2023-06-20 15:49:16,73,76,16109,55001
2023-06-20 15:49:17,73,77,16109,55001
2023-06-20 15:49:21,73,75,16109,55001
2023-06-20 15:49:34,72,75,16109,55001
2023-06-20 15:49:35,72,74,16109,55001
2023-06-20 15:49:36,72,75,16109,55001
2023-06-20 15:49:37,72,74,16109,55001
2023-06-20 15:49:37,72,73,16109,55001
2023-06-20 15:49:40,72,74,16109,55001
2023-06-20 15:49:44,71,74,16109,55001
2023-06-20 15:49:47,71,73,16109,55001
2023-06-20 15:49:50,71,74,16109,55001
2023-06-20 15:50:00,71,75,16109,55001
2023-06-20 15:50:00,71,76,16109,55001
2023-06-20 15:50:00,71,75,16109,55001
2023-06-20 15:50:01,71,72,16109,55001
2023-06-20 15:50:01,64,65,16049,55126
2023-06-20 15:50:01,64,65,16063,55140
2023-06-20 15:50:01,63,65,16063,55140
2023-06-20 15:50:01,53,65,16063,55140
2023-06-20 15:50:01,54,65,16063,55140
2023-06-20 15:50:01,55,65,16063,55140
2023-06-20 15:50:02,54,65,16063,55140
2023-06-20 15:50:02,54,68,16063,55140
2023-06-20 15:50:03,54,67,16063,55140
2023-06-20 15:50:03,54,66,16063,55140
2023-06-20 15:50:04,54,67,16063,55140
2023-06-20 15:50:05,61,67,16063,55140
2023-06-20 15:50:05,61,67,16004,55199
2023-06-20 15:50:05,61,68,16004,55199
2023-06-20 15:50:05,61,67,16004,55199
2023-06-20 15:50:06,63,67,16004,55199
2023-06-20 15:50:10,63,65,16004,55199
2023-06-20 15:50:10,63,64,16004,55199
2023-06-20 15:50:10,61,64,16014,55209
2023-06-20 15:50:11,61,63,16014,55209
2023-06-20 15:50:11,61,63,16014,55309
2023-06-20 15:50:12,61,62,16014,55309
2023-06-20 15:50:12,61,62,16014,55393
2023-06-20 15:50:13,61,62,16014,55485
2023-06-20 15:50:14,57,62,15999,55510
2023-06-20 15:50:17,58,62,15999,55510
2023-06-20 15:50:19,58,61,15999,55510
2023-06-20 15:50:20,58,60,15999,55510
2023-06-20 15:50:21,58,59,15999,55510
2023-06-20 15:50:21,48,59,16009,55520
2023-06-20 15:50:21,48,58,16009,55520
2023-06-20 15:50:21,53,58,16009,55520
2023-06-20 15:50:23,53,59,16009,55520
2023-06-20 15:50:23,49,59,16009,55520
2023-06-20 15:50:24,54,59,16009,55520
2023-06-20 15:50:26,49,59,16009,55520
2023-06-20 15:50:26,50,60,16009,55520
2023-06-20 15:50:26,55,60,16009,55520
2023-06-20 15:50:30,55,57,16009,55520
2023-06-20 15:50:31,56,57,16009,55520
2023-06-20 15:50:31,56,58,16009,55520
2023-06-20 15:50:34,56,57,16009,55520
2023-06-20 15:50:37,55,57,16009,55530
2023-06-20 15:50:39,55,56,16009,55530
2023-06-20 15:50:40,55,57,16009,55530
2023-06-20 15:50:40,41,54,16009,55540
2023-06-20 15:50:40,42,54,16009,55540
2023-06-20 15:50:40,43,54,16009,55540
2023-06-20 15:50:40,44,54,16009,55540
2023-06-20 15:50:40,49,54,16009,55540
2023-06-20 15:50:41,42,54,16009,55540
2023-06-20 15:50:41,42,52,16009,55540
2023-06-20 15:50:41,42,51,16009,55540
2023-06-20 15:50:41,47,51,16009,55540
2023-06-20 15:50:41,47,51,16019,55550
2023-06-20 15:50:42,41,51,16019,55550
2023-06-20 15:50:43,46,51,16019,55550
2023-06-20 15:50:43,46,50,16019,55550
2023-06-20 15:50:44,46,51,16019,55550
2023-06-20 15:50:45,42,51,16019,55550
2023-06-20 15:50:45,47,51,16019,55550
2023-06-20 15:50:46,47,52,16019,55550
2023-06-20 15:50:47,48,52,16019,55550
2023-06-20 15:50:48,48,53,16019,55550
2023-06-20 15:50:49,47,53,16019,55550
2023-06-20 15:50:49,47,54,16019,55550
2023-06-20 15:50:50,49,54,16019,55550
2023-06-20 15:50:50,49,55,16019,55550
2023-06-20 15:50:50,47,55,16019,55550
2023-06-20 15:50:50,50,55,16019,55550
2023-06-20 15:50:55,47,55,16019,55550
2023-06-20 15:50:55,51,55,16019,55550
2023-06-20 15:50:56,47,55,16019,55550
2023-06-20 15:50:56,47,57,16019,55550
2023-06-20 15:50:56,52,57,16019,55550
2023-06-20 15:50:58,53,57,16019,55550
2023-06-20 15:50:58,53,56,16019,55550
2023-06-20 15:51:03,53,57,16019,55550
2023-06-20 15:51:03,53,58,16019,55550
2023-06-20 15:51:04,54,58,16019,55550
2023-06-20 15:51:04,53,58,16019,55550
2023-06-20 15:51:05,53,54,16019,55550
2023-06-20 15:51:05,44,54,16029,55560
2023-06-20 15:51:06,43,54,16029,55560
2023-06-20 15:51:06,48,54,16029,55560
2023-06-20 15:51:06,48,53,16029,55560
2023-06-20 15:51:06,55,56,15972,55895
2023-06-20 15:51:08,48,56,15972,55910
2023-06-20 15:51:08,49,56,15972,55910
2023-06-20 15:51:08,49,55,15972,55910
2023-06-20 15:51:08,45,55,15972,55910
2023-06-20 15:51:08,49,55,15972,55910
2023-06-20 15:51:09,50,55,15972,55910
2023-06-20 15:51:09,50,56,15972,55910
2023-06-20 15:51:09,47,56,15972,55910
2023-06-20 15:51:09,50,56,15972,55910
2023-06-20 15:51:09,51,56,15972,55910
2023-06-20 15:51:10,51,57,15972,55910
2023-06-20 15:51:10,51,56,15972,55910
2023-06-20 15:51:11,47,56,15972,55910
2023-06-20 15:51:11,52,56,15972,55910
2023-06-20 15:51:13,48,56,15972,55910
2023-06-20 15:51:13,53,56,15972,55910
2023-06-20 15:51:18,49,56,15972,55910
2023-06-20 15:51:18,54,56,15972,55910
2023-06-20 15:51:19,50,56,15972,55910
2023-06-20 15:51:19,55,56,15972,55910
2023-06-20 15:51:19,55,56,15972,55930
2023-06-20 15:51:24,53,56,15972,55930
2023-06-20 15:51:24,56,58,15966,55936
2023-06-20 15:51:24,53,58,15966,55936
2023-06-20 15:51:24,57,58,15966,55936
2023-06-20 15:51:26,54,58,15966,55936
2023-06-20 15:51:26,58,65,15941,55961
2023-06-20 15:51:26,55,65,15941,55961
2023-06-20 15:51:26,59,65,15941,55961
2023-06-20 15:51:27,55,65,15941,55961
2023-06-20 15:51:27,55,64,15941,55961
2023-06-20 15:51:27,60,64,15941,55961
2023-06-20 15:51:27,60,64,15941,55971
2023-06-20 15:51:27,60,65,15941,55971
2023-06-20 15:51:28,56,65,15941,55981
2023-06-20 15:51:28,56,66,15941,55981
2023-06-20 15:51:28,61,66,15941,55981
2023-06-20 15:51:29,58,66,15941,55981
2023-06-20 15:51:29,58,67,15941,55981
2023-06-20 15:51:29,62,65,15941,55981
2023-06-20 15:51:30,59,65,15941,55981
2023-06-20 15:51:30,63,65,15941,55981
2023-06-20 15:51:30,63,65,15791,56131
2023-06-20 15:51:31,60,65,15791,56131
2023-06-20 15:51:31,61,65,15791,56131
2023-06-20 15:51:31,64,65,15791,56131
2023-06-20 15:51:32,61,65,15791,56131
2023-06-20 15:51:32,65,68,15788,56134
2023-06-20 15:51:32,62,68,15788,56134
2023-06-20 15:51:32,66,68,15788,56134
2023-06-20 15:51:32,66,68,15788,56144
2023-06-20 15:51:32,66,68,15788,56154
2023-06-20 15:51:33,62,68,15788,56154
2023-06-20 15:51:33,67,68,15788,56154
2023-06-20 15:51:36,63,68,15788,56154
2023-06-20 15:51:36,62,68,15788,56154
2023-06-20 15:51:36,66,68,15788,56154
2023-06-20 15:51:36,66,67,15788,56154
2023-06-20 15:51:38,61,67,15742,56200
2023-06-20 15:51:39,62,67,15742,56200
2023-06-20 15:51:40,63,67,15742,56200
2023-06-20 15:51:41,62,67,15742,56200
2023-06-20 15:51:46,61,67,15742,56200
2023-06-20 15:51:47,60,67,15742,56200
2023-06-20 15:51:48,60,66,15742,56200
2023-06-20 15:51:49,57,66,15742,56200
2023-06-20 15:51:49,57,65,15742,56200
2023-06-20 15:51:50,58,65,15742,56200
2023-06-20 15:51:50,58,66,15742,56200
2023-06-20 15:51:51,57,66,15742,56200
2023-06-20 15:51:51,57,65,15742,56200
2023-06-20 15:51:52,58,65,15742,56200
2023-06-20 15:51:52,58,66,15742,56200
2023-06-20 15:51:56,58,62,15742,56200
2023-06-20 15:51:58,57,62,15742,56200
2023-06-20 15:51:59,58,62,15742,56200
2023-06-20 15:52:08,61,62,15742,56200
2023-06-20 15:52:09,61,62,15592,56350
2023-06-20 15:52:11,58,62,15542,56400
2023-06-20 15:52:15,60,62,15542,56400
2023-06-20 15:52:16,60,62,15509,56433
2023-06-20 15:52:17,61,62,15509,56433
2023-06-20 15:52:19,60,62,15509,56433
2023-06-20 15:52:20,59,62,15509,56433
2023-06-20 15:52:22,60,62,15509,56433
2023-06-20 15:52:23,59,62,15509,56433
2023-06-20 15:52:24,60,62,15509,56433
2023-06-20 15:52:26,61,62,15509,56433
2023-06-20 15:52:26,61,67,15509,56483
2023-06-20 15:52:26,61,66,15509,56483
2023-06-20 15:52:27,62,66,15509,56483
2023-06-20 15:52:28,62,67,15509,56483
2023-06-20 15:52:28,63,67,15509,56483
2023-06-20 15:52:30,62,67,15509,56483
2023-06-20 15:52:30,62,66,15509,56483
2023-06-20 15:52:32,62,67,15509,56483
2023-06-20 15:52:32,61,67,15509,56483
2023-06-20 15:52:32,61,65,15509,56483
2023-06-20 15:52:33,60,65,15509,56483
2023-06-20 15:52:34,60,67,15509,56483
2023-06-20 15:52:34,60,64,15509,56483
2023-06-20 15:52:35,60,67,15509,56483
2023-06-20 15:52:35,61,67,15509,56483
2023-06-20 15:52:35,61,65,15509,56483
2023-06-20 15:52:37,61,67,15509,56483
2023-06-20 15:52:37,60,67,15509,56483
2023-06-20 15:52:37,60,64,15509,56483
2023-06-20 15:52:39,60,67,15509,56483
2023-06-20 15:52:39,60,62,15509,56483
2023-06-20 15:52:40,60,67,15509,56483
2023-06-20 15:52:40,60,64,15509,56483
2023-06-20 15:52:41,60,61,15509,56483
2023-06-20 15:52:42,60,64,15509,56483
2023-06-20 15:52:42,60,63,15509,56483
2023-06-20 15:52:42,59,60,15509,56493
2023-06-20 15:52:44,58,60,15519,56503
2023-06-20 15:52:49,58,64,15519,56503
2023-06-20 15:52:49,58,59,15519,56503
2023-06-20 15:52:51,53,59,15519,56503
2023-06-20 15:52:51,53,62,15519,56503
2023-06-20 15:52:51,53,58,15519,56503
2023-06-20 15:52:51,55,58,15519,56503
2023-06-20 15:52:54,55,63,15519,56503
2023-06-20 15:52:54,55,61,15519,56503
2023-06-20 15:52:54,55,57,15519,56503
2023-06-20 15:52:56,55,62,15519,56503
2023-06-20 15:52:56,55,63,15519,56503
2023-06-20 15:52:56,55,58,15519,56503
2023-06-20 15:52:59,55,63,15519,56503
2023-06-20 15:52:59,55,62,15519,56503
2023-06-20 15:52:59,55,57,15519,56503
2023-06-20 15:53:00,55,62,15519,56503
2023-06-20 15:53:00,55,59,15519,56503
2023-06-20 15:53:01,55,56,15519,56503
2023-06-20 15:53:01,55,59,15519,56503
2023-06-20 15:53:01,54,55,15519,56513
2023-06-20 15:53:05,48,55,15519,56513
2023-06-20 15:53:06,48,60,15519,56513
2023-06-20 15:53:06,48,54,15519,56513
2023-06-20 15:53:06,49,54,15519,56513
2023-06-20 15:53:15,51,54,15519,56513
2023-06-20 15:53:16,54,55,15516,56516
2023-06-20 15:53:19,54,59,15516,56519
2023-06-20 15:53:20,54,66,15516,56519
2023-06-20 15:53:20,54,65,15516,56519
2023-06-20 15:53:20,54,60,15516,56519
2023-06-20 15:53:22,54,67,15516,56519
2023-06-20 15:53:22,54,66,15516,56519
2023-06-20 15:53:22,54,61,15516,56519
2023-06-20 15:53:22,54,60,15516,56519
2023-06-20 15:53:23,54,67,15526,56567
2023-06-20 15:53:24,55,67,15526,56567
2023-06-20 15:53:24,56,67,15526,56567
2023-06-20 15:53:26,59,67,15526,56567
2023-06-20 15:53:27,61,67,15526,56567
2023-06-20 15:53:29,63,67,15526,56567
2023-06-20 15:53:31,62,67,15526,56567
2023-06-20 15:53:31,65,67,15526,56567
2023-06-20 15:53:42,67,68,15503,56590
2023-06-20 15:53:44,65,68,15503,56590
2023-06-20 15:53:48,64,68,15503,56590
2023-06-20 15:53:53,65,68,15503,56590
2023-06-20 15:53:53,66,68,15503,56590
2023-06-20 15:53:58,67,68,15503,56590
2023-06-20 15:54:00,65,68,15503,56590
2023-06-20 15:54:02,67,68,15503,56590
2023-06-20 15:54:03,67,71,15557,56650
2023-06-20 15:54:03,67,70,15557,56650
2023-06-20 15:54:03,68,70,15557,56650
2023-06-20 15:54:09,68,69,15557,56650
2023-06-20 15:54:10,68,70,15557,56650
2023-06-20 15:54:10,64,68,15557,56660
2023-06-20 15:54:10,64,70,15557,56660
2023-06-20 15:54:11,64,67,15557,56660
2023-06-20 15:54:11,64,70,15557,56660
2023-06-20 15:54:11,64,69,15557,56660
2023-06-20 15:54:11,63,66,15557,56660
2023-06-20 15:54:15,62,66,15557,56660
2023-06-20 15:54:16,63,66,15557,56660
2023-06-20 15:54:17,63,70,15557,56660
2023-06-20 15:54:17,63,67,15557,56660
2023-06-20 15:54:20,64,67,15557,56660
2023-06-20 15:54:20,64,70,15557,56660
2023-06-20 15:54:20,65,70,15557,56660
2023-06-20 15:54:20,65,69,15557,56660
2023-06-20 15:54:21,66,69,15557,56660
2023-06-20 15:54:22,66,71,15557,56710
2023-06-20 15:54:27,65,71,15557,56710
2023-06-20 15:54:31,66,71,15557,56710
2023-06-20 15:54:31,67,71,15557,56710
2023-06-20 15:54:32,68,71,15557,56710
2023-06-20 15:54:37,69,71,15557,56710
2023-06-20 15:54:38,70,71,15557,56710
2023-06-20 15:54:39,72,75,15557,56760
2023-06-20 15:54:39,73,75,15557,56760
2023-06-20 15:54:40,75,78,15532,56785
2023-06-20 15:54:40,81,82,15623,56910
2023-06-20 15:54:40,81,83,15623,56910
2023-06-20 15:54:40,81,85,15623,56910
2023-06-20 15:54:41,85,90,15658,56945
2023-06-20 15:54:42,88,90,15658,56945
2023-06-20 15:54:42,89,90,15658,56945
2023-06-20 15:54:43,88,90,15658,56945
2023-06-20 15:54:43,90,94,15658,56948
2023-06-20 15:54:43,88,94,15658,56948
2023-06-20 15:54:43,92,94,15658,56948
2023-06-20 15:54:46,88,94,15658,56948
2023-06-20 15:54:46,89,94,15658,56948
2023-06-20 15:54:46,93,94,15658,56948
2023-06-20 15:54:50,89,94,15658,56948
2023-06-20 15:54:50,91,94,15658,56948
2023-06-20 15:54:50,91,94,15658,57035
2023-06-20 15:54:51,92,94,15658,57035
2023-06-20 15:54:52,91,94,15658,57035
2023-06-20 15:54:54,90,94,15658,57035
2023-06-20 15:54:59,89,94,15658,57035
2023-06-20 15:55:00,90,94,15658,57035
2023-06-20 15:55:00,91,94,15658,57035
2023-06-20 15:55:01,92,94,15658,57035
2023-06-20 15:55:01,93,94,15658,57035
2023-06-20 15:55:04,93,94,15821,57201
2023-06-20 15:55:09,94,95,15821,57204
2023-06-20 15:55:20,94,95,15821,57254
2023-06-20 15:55:37,95,96,15821,57261
2023-06-20 15:55:46,95,100,16571,58011
2023-06-20 15:55:46,96,100,16571,58011
2023-06-20 15:55:47,95,100,16571,58011
2023-06-20 15:55:47,95,96,16571,58011
2023-06-20 15:55:56,95,96,16571,58013
2023-06-20 15:56:20,95,96,16581,58023
2023-06-20 15:56:26,95,99,16581,58024
2023-06-20 15:56:29,95,99,17018,58524
2023-06-20 15:56:33,95,98,17018,58524
2023-06-20 15:56:36,97,98,17018,58524
2023-06-20 15:56:41,97,99,17018,58524
2023-06-20 15:56:42,97,98,17018,58524
2023-06-20 15:56:53,97,99,17008,58534
2023-06-20 15:57:24,97,100,17571,59099
2023-06-20 15:57:34,99,100,17571,59099
