datetime,bid,ask,open_interest,volume
2023-11-28 09:30:01,37,45,50,114
2023-11-28 09:30:01,0,45,50,114
2023-11-28 09:30:01,0,49,50,114
2023-11-28 09:30:01,0,100,50,114
2023-11-28 09:30:33,36,100,50,114
2023-11-28 09:30:33,38,100,50,114
2023-11-28 09:30:33,40,100,50,114
2023-11-28 09:30:33,40,47,50,114
2023-11-28 09:30:33,40,45,50,114
2023-11-28 09:30:33,40,44,50,114
2023-11-28 09:30:37,0,44,50,114
2023-11-28 09:30:37,0,100,50,114
2023-11-28 09:30:37,41,100,50,114
2023-11-28 09:30:37,41,47,50,114
2023-11-28 09:30:37,41,45,50,114
2023-11-28 09:30:52,41,100,50,114
2023-11-28 09:30:52,0,100,50,114
2023-11-28 09:30:52,37,100,50,114
2023-11-28 09:30:52,39,100,50,114
2023-11-28 09:30:52,39,44,50,114
2023-11-28 09:31:00,39,100,50,114
2023-11-28 09:31:00,0,100,50,114
2023-11-28 09:31:00,36,100,50,114
2023-11-28 09:31:00,38,100,50,114
2023-11-28 09:31:00,38,44,50,114
2023-11-28 09:31:00,38,43,50,114
2023-11-28 09:31:16,36,43,125,189
2023-11-28 09:31:29,0,43,125,189
2023-11-28 09:31:29,0,100,125,189
2023-11-28 09:31:29,37,100,125,189
2023-11-28 09:31:29,39,100,125,189
2023-11-28 09:31:29,39,45,125,189
2023-11-28 09:31:29,39,44,125,189
2023-11-28 09:31:36,39,100,125,189
2023-11-28 09:31:36,0,100,125,189
2023-11-28 09:31:36,36,100,125,189
2023-11-28 09:31:36,38,100,125,189
2023-11-28 09:31:36,38,43,125,189
2023-11-28 09:31:43,38,100,125,189
2023-11-28 09:31:43,0,100,125,189
2023-11-28 09:31:43,34,100,125,189
2023-11-28 09:31:43,36,100,125,189
2023-11-28 09:31:43,36,44,125,189
2023-11-28 09:31:43,36,40,125,189
2023-11-28 09:31:55,36,100,125,189
2023-11-28 09:31:55,0,100,125,189
2023-11-28 09:31:55,33,100,125,189
2023-11-28 09:31:55,35,100,125,189
2023-11-28 09:31:55,35,39,125,189
2023-11-28 09:32:06,0,39,125,189
2023-11-28 09:32:06,0,100,125,189
2023-11-28 09:32:06,36,100,125,189
2023-11-28 09:32:06,36,44,125,189
2023-11-28 09:32:06,36,43,125,189
2023-11-28 09:32:06,36,40,125,189
2023-11-28 09:32:19,0,40,125,189
2023-11-28 09:32:19,0,100,125,189
2023-11-28 09:32:19,34,100,125,189
2023-11-28 09:32:19,36,100,125,189
2023-11-28 09:32:19,38,100,125,189
2023-11-28 09:32:19,38,44,125,189
2023-11-28 09:32:19,38,41,125,189
2023-11-28 09:32:24,0,41,125,189
2023-11-28 09:32:24,0,100,125,189
2023-11-28 09:32:24,39,100,125,189
2023-11-28 09:32:24,39,45,125,189
2023-11-28 09:32:24,39,44,125,189
2023-11-28 09:32:36,39,100,125,189
2023-11-28 09:32:36,0,100,125,189
2023-11-28 09:32:36,33,100,125,189
2023-11-28 09:32:36,37,100,125,189
2023-11-28 09:32:36,37,44,125,189
2023-11-28 09:32:36,37,41,125,189
2023-11-28 09:32:40,37,100,125,189
2023-11-28 09:32:40,0,100,125,189
2023-11-28 09:32:40,34,100,125,189
2023-11-28 09:32:40,36,100,125,189
2023-11-28 09:32:40,36,40,125,189
2023-11-28 09:32:48,36,100,125,189
2023-11-28 09:32:48,0,100,125,189
2023-11-28 09:32:48,34,100,125,189
2023-11-28 09:32:48,34,38,125,189
2023-11-28 09:33:03,0,38,125,189
2023-11-28 09:33:03,0,100,125,189
2023-11-28 09:33:03,34,100,125,189
2023-11-28 09:33:03,36,100,125,189
2023-11-28 09:33:03,36,44,125,189
2023-11-28 09:33:03,36,43,125,189
2023-11-28 09:33:03,36,40,125,189
2023-11-28 09:33:26,0,40,125,189
2023-11-28 09:33:26,0,100,125,189
2023-11-28 09:33:26,33,100,125,189
2023-11-28 09:33:26,35,100,125,189
2023-11-28 09:33:26,37,100,125,189
2023-11-28 09:33:26,37,44,125,189
2023-11-28 09:33:26,37,41,125,189
2023-11-28 09:33:40,0,41,125,189
2023-11-28 09:33:40,0,100,125,189
2023-11-28 09:33:40,35,100,125,189
2023-11-28 09:33:40,37,100,125,189
2023-11-28 09:33:40,39,100,125,189
2023-11-28 09:33:40,39,44,125,189
2023-11-28 09:33:40,39,43,125,189
2023-11-28 09:34:31,39,100,125,189
2023-11-28 09:34:31,0,100,125,189
2023-11-28 09:34:31,37,100,125,189
2023-11-28 09:34:31,37,41,125,189
2023-11-28 09:34:34,37,100,125,189
2023-11-28 09:34:34,0,100,125,189
2023-11-28 09:34:34,34,100,125,189
2023-11-28 09:34:34,36,100,125,189
2023-11-28 09:34:34,36,39,125,189
2023-11-28 09:34:56,36,100,125,189
2023-11-28 09:34:56,0,100,125,189
2023-11-28 09:34:56,32,100,125,189
2023-11-28 09:34:56,34,100,125,189
2023-11-28 09:34:56,34,40,125,189
2023-11-28 09:34:56,34,38,125,189
2023-11-28 09:35:03,0,38,125,189
2023-11-28 09:35:03,0,100,125,189
2023-11-28 09:35:03,32,100,125,189
2023-11-28 09:35:03,34,100,125,189
2023-11-28 09:35:03,36,100,125,189
2023-11-28 09:35:03,36,45,125,189
2023-11-28 09:35:03,36,40,125,189
2023-11-28 09:35:39,0,40,125,189
2023-11-28 09:35:39,0,100,125,189
2023-11-28 09:35:39,37,100,125,189
2023-11-28 09:35:39,37,41,125,189
2023-11-28 09:35:52,0,41,125,189
2023-11-28 09:35:52,0,100,125,189
2023-11-28 09:35:52,34,100,125,189
2023-11-28 09:35:52,38,100,125,189
2023-11-28 09:35:52,38,47,125,189
2023-11-28 09:35:52,38,43,125,189
2023-11-28 09:36:06,38,100,125,189
2023-11-28 09:36:06,0,100,125,189
2023-11-28 09:36:06,33,100,125,189
2023-11-28 09:36:06,35,100,125,189
2023-11-28 09:36:06,37,100,125,189
2023-11-28 09:36:06,37,41,125,189
2023-11-28 09:36:21,37,100,125,189
2023-11-28 09:36:21,0,100,125,189
2023-11-28 09:36:21,32,100,125,189
2023-11-28 09:36:21,34,100,125,189
2023-11-28 09:36:21,36,100,125,189
2023-11-28 09:36:21,36,40,125,189
2023-11-28 09:36:54,36,100,125,189
2023-11-28 09:36:54,0,100,125,189
2023-11-28 09:36:54,30,100,125,189
2023-11-28 09:36:54,34,100,125,189
2023-11-28 09:36:54,34,40,125,189
2023-11-28 09:36:54,34,38,125,189
2023-11-28 09:37:13,34,100,125,189
2023-11-28 09:37:13,0,100,125,189
2023-11-28 09:37:13,33,100,125,189
2023-11-28 09:37:13,33,39,125,189
2023-11-28 09:37:13,33,37,125,189
2023-11-28 09:37:26,33,100,125,189
2023-11-28 09:37:26,0,100,125,189
2023-11-28 09:37:26,31,100,125,189
2023-11-28 09:37:26,31,39,125,189
2023-11-28 09:37:26,31,35,125,189
2023-11-28 09:37:40,0,35,125,189
2023-11-28 09:37:40,0,100,125,189
2023-11-28 09:37:40,31,100,125,189
2023-11-28 09:37:40,33,100,125,189
2023-11-28 09:37:40,33,39,125,189
2023-11-28 09:37:40,33,37,125,189
2023-11-28 09:38:10,33,100,125,189
2023-11-28 09:38:10,0,100,125,189
2023-11-28 09:38:10,28,100,125,189
2023-11-28 09:38:10,31,100,125,189
2023-11-28 09:38:10,31,35,125,189
2023-11-28 09:38:30,0,35,125,189
2023-11-28 09:38:30,0,100,125,189
2023-11-28 09:38:30,28,100,125,189
2023-11-28 09:38:30,33,100,125,189
2023-11-28 09:38:30,33,38,125,189
2023-11-28 09:38:30,33,36,125,189
2023-11-28 09:39:29,0,36,125,189
2023-11-28 09:39:29,0,100,125,189
2023-11-28 09:39:29,32,100,125,189
2023-11-28 09:39:29,34,100,125,189
2023-11-28 09:39:29,34,38,125,189
2023-11-28 09:39:47,0,38,125,189
2023-11-28 09:39:47,0,100,125,189
2023-11-28 09:39:47,31,100,125,189
2023-11-28 09:39:47,33,100,125,189
2023-11-28 09:39:47,35,100,125,189
2023-11-28 09:39:47,35,41,125,189
2023-11-28 09:39:47,35,39,125,189
2023-11-28 09:40:13,35,100,125,189
2023-11-28 09:40:13,0,100,125,189
2023-11-28 09:40:13,34,100,125,189
2023-11-28 09:40:13,34,40,125,189
2023-11-28 09:40:13,34,38,125,189
2023-11-28 09:40:25,34,100,125,189
2023-11-28 09:40:25,0,100,125,189
2023-11-28 09:40:25,28,100,125,189
2023-11-28 09:40:25,33,100,125,189
2023-11-28 09:40:25,33,40,125,189
2023-11-28 09:40:25,33,38,125,189
2023-11-28 09:40:25,33,36,125,189
2023-11-28 09:40:40,0,36,125,189
2023-11-28 09:40:40,0,100,125,189
2023-11-28 09:40:40,30,100,125,189
2023-11-28 09:40:40,34,100,125,189
2023-11-28 09:40:40,34,38,125,189
2023-11-28 09:41:05,34,100,125,189
2023-11-28 09:41:05,0,100,125,189
2023-11-28 09:41:05,33,100,125,189
2023-11-28 09:41:05,33,40,125,189
2023-11-28 09:41:05,33,36,125,189
2023-11-28 09:41:22,33,100,125,189
2023-11-28 09:41:22,0,100,125,189
2023-11-28 09:41:22,31,100,125,189
2023-11-28 09:41:22,31,39,125,189
2023-11-28 09:41:22,31,35,125,189
2023-11-28 09:41:27,0,35,125,189
2023-11-28 09:41:27,0,100,125,189
2023-11-28 09:41:27,30,100,125,189
2023-11-28 09:41:27,32,100,125,189
2023-11-28 09:41:27,32,36,125,189
2023-11-28 09:42:27,30,36,125,189
2023-11-28 09:42:28,31,100,125,189
2023-11-28 09:42:28,33,100,125,189
2023-11-28 09:42:28,33,39,125,189
2023-11-28 09:42:28,33,37,125,189
2023-11-28 09:43:05,33,100,125,189
2023-11-28 09:43:05,0,100,125,189
2023-11-28 09:43:05,28,100,125,189
2023-11-28 09:43:05,31,100,125,189
2023-11-28 09:43:05,31,39,125,189
2023-11-28 09:43:05,31,35,125,189
2023-11-28 09:43:11,31,100,125,189
2023-11-28 09:43:11,0,100,125,189
2023-11-28 09:43:11,30,100,125,189
2023-11-28 09:43:11,30,34,125,189
2023-11-28 09:44:04,30,100,125,189
2023-11-28 09:44:04,0,100,125,189
2023-11-28 09:44:04,25,100,125,189
2023-11-28 09:44:04,27,100,125,189
2023-11-28 09:44:04,28,100,125,189
2023-11-28 09:44:04,28,33,125,189
2023-11-28 09:44:10,28,100,125,189
2023-11-28 09:44:10,0,100,125,189
2023-11-28 09:44:10,23,100,125,189
2023-11-28 09:44:10,25,100,125,189
2023-11-28 09:44:10,27,100,125,189
2023-11-28 09:44:10,27,35,125,189
2023-11-28 09:44:10,27,31,125,189
2023-11-28 09:44:29,27,100,125,189
2023-11-28 09:44:29,0,100,125,189
2023-11-28 09:44:29,22,100,125,189
2023-11-28 09:44:29,24,100,125,189
2023-11-28 09:44:29,26,100,125,189
2023-11-28 09:44:29,26,32,125,189
2023-11-28 09:44:29,26,30,125,189
2023-11-28 09:45:02,0,30,125,189
2023-11-28 09:45:02,0,100,125,189
2023-11-28 09:45:02,25,100,125,189
2023-11-28 09:45:02,27,100,125,189
2023-11-28 09:45:02,27,33,125,189
2023-11-28 09:45:02,27,31,125,189
2023-11-28 09:45:08,0,31,125,189
2023-11-28 09:45:08,0,100,125,189
2023-11-28 09:45:08,28,100,125,189
2023-11-28 09:45:08,28,37,125,189
2023-11-28 09:45:08,28,35,125,189
2023-11-28 09:45:08,28,33,125,189
2023-11-28 09:45:11,0,33,125,189
2023-11-28 09:45:11,0,100,125,189
2023-11-28 09:45:11,31,100,125,189
2023-11-28 09:45:11,31,39,125,189
2023-11-28 09:45:11,31,35,125,189
2023-11-28 09:45:29,0,35,125,189
2023-11-28 09:45:29,0,100,125,189
2023-11-28 09:45:29,33,100,125,189
2023-11-28 09:45:29,33,39,125,189
2023-11-28 09:45:29,33,37,125,189
2023-11-28 09:45:59,33,100,125,189
2023-11-28 09:45:59,0,100,125,189
2023-11-28 09:45:59,28,100,125,189
2023-11-28 09:45:59,31,100,125,189
2023-11-28 09:45:59,31,39,125,189
2023-11-28 09:45:59,31,37,125,189
2023-11-28 09:45:59,31,35,125,189
2023-11-28 09:46:59,31,37,125,189
2023-11-28 09:47:00,31,100,125,189
2023-11-28 09:47:00,31,35,125,189
2023-11-28 09:47:03,0,35,125,189
2023-11-28 09:47:03,0,100,125,189
2023-11-28 09:47:03,31,100,125,189
2023-11-28 09:47:03,33,100,125,189
2023-11-28 09:47:03,33,39,125,189
2023-11-28 09:47:03,33,37,125,189
2023-11-28 09:47:12,0,37,125,189
2023-11-28 09:47:12,0,100,125,189
2023-11-28 09:47:12,30,100,125,189
2023-11-28 09:47:12,34,100,125,189
2023-11-28 09:47:12,34,43,125,189
2023-11-28 09:47:12,34,38,125,189
2023-11-28 09:48:12,30,38,125,189
2023-11-28 09:48:13,33,100,125,189
2023-11-28 09:48:13,33,37,125,189
2023-11-28 09:48:55,0,37,125,189
2023-11-28 09:48:55,0,100,125,189
2023-11-28 09:48:55,31,100,125,189
2023-11-28 09:48:55,35,100,125,189
2023-11-28 09:48:55,35,41,125,189
2023-11-28 09:48:55,35,39,125,189
2023-11-28 09:49:33,35,100,125,189
2023-11-28 09:49:33,0,100,125,189
2023-11-28 09:49:33,33,100,125,189
2023-11-28 09:49:33,33,41,125,189
2023-11-28 09:49:33,33,39,125,189
2023-11-28 09:49:33,33,37,125,189
2023-11-28 09:50:13,33,100,125,189
2023-11-28 09:50:13,0,100,125,189
2023-11-28 09:50:13,28,100,125,189
2023-11-28 09:50:13,32,100,125,189
2023-11-28 09:50:13,32,40,125,189
2023-11-28 09:50:13,32,36,125,189
2023-11-28 09:50:22,0,36,125,189
2023-11-28 09:50:22,0,100,125,189
2023-11-28 09:50:22,28,100,125,189
2023-11-28 09:50:22,33,100,125,189
2023-11-28 09:50:22,33,39,125,189
2023-11-28 09:50:22,33,37,125,189
2023-11-28 09:50:33,33,100,125,189
2023-11-28 09:50:33,0,100,125,189
2023-11-28 09:50:33,32,100,125,189
2023-11-28 09:50:33,32,36,125,189
2023-11-28 09:50:55,32,100,125,189
2023-11-28 09:50:55,0,100,125,189
2023-11-28 09:50:55,27,100,125,189
2023-11-28 09:50:55,31,100,125,189
2023-11-28 09:50:55,31,39,125,189
2023-11-28 09:50:55,31,35,125,189
2023-11-28 09:51:34,31,100,125,189
2023-11-28 09:51:34,0,100,125,189
2023-11-28 09:51:34,27,100,125,189
2023-11-28 09:51:34,28,100,125,189
2023-11-28 09:51:34,28,37,125,189
2023-11-28 09:51:34,28,33,125,189
2023-11-28 09:52:13,28,100,125,189
2023-11-28 09:52:13,0,100,125,189
2023-11-28 09:52:13,26,100,125,189
2023-11-28 09:52:13,28,100,125,189
2023-11-28 09:52:13,28,36,125,189
2023-11-28 09:52:13,28,32,125,189
2023-11-28 09:53:12,28,100,125,189
2023-11-28 09:53:12,0,100,125,189
2023-11-28 09:53:12,27,100,125,189
2023-11-28 09:53:12,27,33,125,189
2023-11-28 09:53:12,27,31,125,189
2023-11-28 09:54:08,25,31,125,189
2023-11-28 09:54:08,25,100,125,189
2023-11-28 09:54:08,26,100,125,189
2023-11-28 09:54:08,28,100,125,189
2023-11-28 09:54:08,28,32,125,189
2023-11-28 09:54:39,28,100,125,189
2023-11-28 09:54:39,25,100,125,189
2023-11-28 09:54:39,27,100,125,189
2023-11-28 09:54:39,27,31,125,189
2023-11-28 09:55:39,25,31,125,189
2023-11-28 09:55:40,26,33,125,189
2023-11-28 09:55:40,28,33,125,189
2023-11-28 09:55:40,28,31,125,189
2023-11-28 09:56:19,28,100,125,189
2023-11-28 09:56:19,24,100,125,189
2023-11-28 09:56:19,26,100,125,189
2023-11-28 09:56:19,26,34,125,189
2023-11-28 09:56:19,26,32,125,189
2023-11-28 09:56:19,26,30,125,189
2023-11-28 09:57:19,26,33,125,189
2023-11-28 09:57:20,25,33,125,189
2023-11-28 09:57:20,27,33,125,189
2023-11-28 09:57:20,27,31,125,189
2023-11-28 09:58:20,25,31,125,189
2023-11-28 09:58:21,26,31,125,189
2023-11-28 09:58:21,28,31,125,189
2023-11-28 09:59:21,28,32,125,189
2023-11-28 09:59:21,27,32,125,189
2023-11-28 09:59:21,27,31,125,189
2023-11-28 10:00:09,25,31,125,189
2023-11-28 10:00:09,25,32,125,189
2023-11-28 10:00:09,27,32,125,189
2023-11-28 10:00:09,28,32,125,189
2023-11-28 10:00:19,25,32,125,189
2023-11-28 10:00:19,26,32,125,189
2023-11-28 10:00:19,30,32,125,189
2023-11-28 10:00:21,30,34,125,189
2023-11-28 10:00:38,25,34,125,189
2023-11-28 10:00:38,25,100,125,189
2023-11-28 10:00:38,31,100,125,189
2023-11-28 10:00:38,31,37,125,189
2023-11-28 10:00:38,31,35,125,189
2023-11-28 10:00:52,31,36,125,189
2023-11-28 10:00:52,25,36,125,189
2023-11-28 10:00:52,26,36,125,189
2023-11-28 10:00:52,28,36,125,189
2023-11-28 10:00:52,30,36,125,189
2023-11-28 10:00:52,30,34,125,189
2023-11-28 10:01:25,30,36,125,189
2023-11-28 10:01:25,25,36,125,189
2023-11-28 10:01:25,27,36,125,189
2023-11-28 10:01:25,28,36,125,189
2023-11-28 10:01:25,28,32,125,189
2023-11-28 10:01:55,26,32,125,189
2023-11-28 10:01:55,26,36,125,189
2023-11-28 10:01:55,30,36,125,189
2023-11-28 10:01:55,30,34,125,189
2023-11-28 10:02:05,26,34,125,189
2023-11-28 10:02:05,26,36,125,189
2023-11-28 10:02:05,32,36,125,189
2023-11-28 10:02:05,32,35,125,189
2023-11-28 10:02:45,32,100,125,189
2023-11-28 10:02:45,26,100,125,189
2023-11-28 10:02:45,28,100,125,189
2023-11-28 10:02:45,30,100,125,189
2023-11-28 10:02:45,30,34,125,189
2023-11-28 10:03:38,0,34,125,189
2023-11-28 10:03:38,0,37,125,189
2023-11-28 10:03:38,28,37,125,189
2023-11-28 10:03:38,30,37,125,189
2023-11-28 10:03:38,32,37,125,189
2023-11-28 10:03:38,32,36,125,189
2023-11-28 10:03:47,0,36,125,189
2023-11-28 10:03:47,0,37,125,189
2023-11-28 10:03:47,30,37,125,189
2023-11-28 10:03:47,32,37,125,189
2023-11-28 10:03:47,34,37,125,189
2023-11-28 10:03:49,0,37,125,189
2023-11-28 10:03:49,0,40,125,189
2023-11-28 10:03:49,0,43,125,189
2023-11-28 10:03:49,0,46,125,189
2023-11-28 10:03:49,0,100,125,189
2023-11-28 10:03:49,31,100,125,189
2023-11-28 10:03:49,33,100,125,189
2023-11-28 10:03:49,35,100,125,189
2023-11-28 10:03:49,35,41,125,189
2023-11-28 10:03:49,35,39,125,189
2023-11-28 10:04:09,32,39,125,189
2023-11-28 10:04:09,32,100,125,189
2023-11-28 10:04:09,37,100,125,189
2023-11-28 10:04:09,37,44,125,189
2023-11-28 10:04:09,37,41,125,189
2023-11-28 10:04:26,37,42,125,189
2023-11-28 10:04:26,32,42,125,189
2023-11-28 10:04:26,34,42,125,189
2023-11-28 10:04:26,36,42,125,189
2023-11-28 10:04:26,36,40,125,189
2023-11-28 10:04:37,36,42,125,189
2023-11-28 10:04:37,32,42,125,189
2023-11-28 10:04:37,34,42,125,189
2023-11-28 10:04:37,34,40,125,189
2023-11-28 10:04:37,34,38,125,189
2023-11-28 10:05:08,32,38,125,189
2023-11-28 10:05:08,32,42,125,189
2023-11-28 10:05:08,34,42,125,189
2023-11-28 10:05:08,36,42,125,189
2023-11-28 10:05:08,36,40,125,189
2023-11-28 10:05:46,36,100,125,189
2023-11-28 10:05:46,32,100,125,189
2023-11-28 10:05:46,34,100,125,189
2023-11-28 10:05:46,34,38,125,189
2023-11-28 10:06:18,34,40,125,189
2023-11-28 10:06:18,0,40,125,189
2023-11-28 10:06:18,31,40,125,189
2023-11-28 10:06:18,33,40,125,189
2023-11-28 10:06:18,33,37,125,189
2023-11-28 10:06:55,33,40,125,189
2023-11-28 10:06:55,30,40,125,189
2023-11-28 10:06:55,31,40,125,189
2023-11-28 10:06:55,31,37,125,189
2023-11-28 10:06:55,31,35,125,189
2023-11-28 10:07:04,29,35,125,189
2023-11-28 10:07:04,29,40,125,189
2023-11-28 10:07:04,31,40,125,189
2023-11-28 10:07:04,33,40,125,189
2023-11-28 10:07:04,33,38,125,189
2023-11-28 10:07:04,33,36,125,189
2023-11-28 10:07:11,33,40,125,189
2023-11-28 10:07:11,29,40,125,189
2023-11-28 10:07:11,31,40,125,189
2023-11-28 10:07:11,31,35,125,189
2023-11-28 10:07:55,27,35,125,189
2023-11-28 10:07:55,30,35,125,189
2023-11-28 10:07:55,30,34,125,189
2023-11-28 10:08:55,28,34,125,189
2023-11-28 10:08:55,28,36,125,189
2023-11-28 10:08:55,31,36,125,189
2023-11-28 10:08:55,31,35,125,189
2023-11-28 10:09:55,31,36,125,189
2023-11-28 10:09:55,29,39,125,189
2023-11-28 10:09:55,29,42,125,189
2023-11-28 10:09:55,29,45,125,189
2023-11-28 10:09:55,29,100,125,189
2023-11-28 10:09:56,32,100,125,189
2023-11-28 10:09:56,32,40,125,189
2023-11-28 10:09:56,32,36,125,189
2023-11-28 10:10:11,29,36,125,189
2023-11-28 10:10:11,29,100,125,189
2023-11-28 10:10:11,31,100,125,189
2023-11-28 10:10:11,33,100,125,189
2023-11-28 10:10:11,33,41,125,189
2023-11-28 10:10:11,33,37,125,189
2023-11-28 10:10:15,33,100,125,189
2023-11-28 10:10:15,29,100,125,189
2023-11-28 10:10:15,30,100,125,189
2023-11-28 10:10:15,32,100,125,189
2023-11-28 10:10:15,32,40,125,189
2023-11-28 10:10:15,32,38,125,189
2023-11-28 10:10:15,32,36,125,189
2023-11-28 10:10:26,32,37,125,189
2023-11-28 10:10:26,29,37,125,189
2023-11-28 10:10:26,31,37,125,189
2023-11-28 10:10:26,31,35,125,189
2023-11-28 10:10:32,31,37,125,189
2023-11-28 10:10:32,0,37,125,189
2023-11-28 10:10:32,27,37,125,189
2023-11-28 10:10:32,28,37,125,189
2023-11-28 10:10:32,28,35,125,189
2023-11-28 10:10:32,28,33,125,189
2023-11-28 10:11:01,28,37,125,189
2023-11-28 10:11:01,27,37,125,189
2023-11-28 10:11:01,28,37,125,189
2023-11-28 10:11:01,28,32,125,189
2023-11-28 10:11:10,28,37,125,189
2023-11-28 10:11:10,0,37,125,189
2023-11-28 10:11:10,27,37,125,189
2023-11-28 10:11:10,27,35,125,189
2023-11-28 10:11:10,27,31,125,189
2023-11-28 10:11:43,24,31,125,189
2023-11-28 10:11:43,24,37,125,189
2023-11-28 10:11:43,28,37,125,189
2023-11-28 10:11:43,28,34,125,189
2023-11-28 10:11:43,28,32,125,189
2023-11-28 10:12:14,24,32,125,189
2023-11-28 10:12:14,24,100,125,189
2023-11-28 10:12:14,30,100,125,189
2023-11-28 10:12:14,30,37,125,189
2023-11-28 10:12:14,30,35,125,189
2023-11-28 10:12:14,30,33,125,189
2023-11-28 10:12:43,24,33,125,189
2023-11-28 10:12:43,24,100,125,189
2023-11-28 10:12:43,28,100,125,189
2023-11-28 10:12:43,31,100,125,189
2023-11-28 10:12:43,31,39,125,189
2023-11-28 10:12:43,31,37,125,189
2023-11-28 10:12:43,31,35,125,189
2023-11-28 10:13:16,31,36,125,189
2023-11-28 10:13:16,27,36,125,189
2023-11-28 10:13:16,28,36,125,189
2023-11-28 10:13:16,28,33,125,189
2023-11-28 10:13:54,27,33,125,189
2023-11-28 10:13:54,27,100,125,189
2023-11-28 10:13:54,28,100,125,189
2023-11-28 10:13:54,31,100,125,189
2023-11-28 10:13:54,31,39,125,189
2023-11-28 10:13:54,31,35,125,189
2023-11-28 10:14:54,31,37,125,189
2023-11-28 10:14:54,28,38,125,189
2023-11-28 10:14:54,31,38,125,189
2023-11-28 10:14:54,33,38,125,189
2023-11-28 10:14:54,33,37,125,189
2023-11-28 10:15:13,0,37,125,189
2023-11-28 10:15:13,0,100,125,189
2023-11-28 10:15:13,32,100,125,189
2023-11-28 10:15:13,34,100,125,189
2023-11-28 10:15:13,34,40,125,189
2023-11-28 10:15:13,34,38,125,189
2023-11-28 10:15:21,0,38,125,189
2023-11-28 10:15:21,0,100,125,189
2023-11-28 10:15:21,33,100,125,189
2023-11-28 10:15:21,33,48,125,189
2023-11-28 10:15:21,33,45,125,189
2023-11-28 10:15:21,33,44,125,189
2023-11-28 10:15:25,0,44,125,189
2023-11-28 10:15:25,0,100,125,189
2023-11-28 10:15:25,36,100,125,189
2023-11-28 10:15:25,38,100,125,189
2023-11-28 10:15:25,38,44,125,189
2023-11-28 10:15:25,38,43,125,189
2023-11-28 10:15:35,38,100,125,189
2023-11-28 10:15:35,0,100,125,189
2023-11-28 10:15:35,34,100,125,189
2023-11-28 10:15:35,36,100,125,189
2023-11-28 10:15:35,36,40,125,189
2023-11-28 10:16:03,0,40,125,189
2023-11-28 10:16:03,0,100,125,189
2023-11-28 10:16:03,34,100,125,189
2023-11-28 10:16:03,36,100,125,189
2023-11-28 10:16:03,38,100,125,189
2023-11-28 10:16:03,38,43,125,189
2023-11-28 10:16:18,38,45,125,189
2023-11-28 10:16:18,35,45,125,189
2023-11-28 10:16:18,36,45,125,189
2023-11-28 10:16:18,36,44,125,189
2023-11-28 10:16:18,36,40,125,189
2023-11-28 10:16:26,36,45,125,189
2023-11-28 10:16:26,33,45,125,189
2023-11-28 10:16:26,35,45,125,189
2023-11-28 10:16:26,35,44,125,189
2023-11-28 10:16:26,35,41,125,189
2023-11-28 10:16:26,35,39,125,189
2023-11-28 10:16:33,33,39,125,189
2023-11-28 10:16:33,33,45,125,189
2023-11-28 10:16:33,36,45,125,189
2023-11-28 10:16:33,36,40,125,189
2023-11-28 10:17:33,34,40,125,189
2023-11-28 10:17:34,35,45,125,189
2023-11-28 10:17:34,35,41,125,189
2023-11-28 10:17:34,35,39,125,189
2023-11-28 10:18:01,33,39,125,189
2023-11-28 10:18:01,33,100,125,189
2023-11-28 10:18:01,37,100,125,189
2023-11-28 10:18:01,37,44,125,189
2023-11-28 10:18:01,37,43,125,189
2023-11-28 10:18:01,37,40,125,189
2023-11-28 10:18:21,37,41,125,189
2023-11-28 10:18:21,0,41,125,189
2023-11-28 10:18:21,31,41,125,189
2023-11-28 10:18:21,33,41,125,189
2023-11-28 10:18:21,35,41,125,189
2023-11-28 10:18:21,35,39,125,189
2023-11-28 10:18:31,0,39,125,189
2023-11-28 10:18:31,0,41,125,189
2023-11-28 10:18:31,37,41,125,189
2023-11-28 10:18:31,37,40,125,189
2023-11-28 10:19:31,34,40,125,189
2023-11-28 10:19:32,36,42,125,189
2023-11-28 10:19:32,36,40,125,189
2023-11-28 10:19:55,34,40,125,189
2023-11-28 10:19:55,34,43,125,189
2023-11-28 10:19:55,35,43,125,189
2023-11-28 10:19:55,37,43,125,189
2023-11-28 10:19:55,37,41,125,189
2023-11-28 10:20:15,34,41,125,189
2023-11-28 10:20:15,34,43,125,189
2023-11-28 10:20:15,35,43,125,189
2023-11-28 10:20:15,39,43,125,189
2023-11-28 10:20:18,39,44,125,189
2023-11-28 10:20:42,39,45,125,189
2023-11-28 10:20:42,34,45,125,189
2023-11-28 10:20:42,37,45,125,189
2023-11-28 10:20:42,37,41,125,189
2023-11-28 10:21:14,34,41,125,189
2023-11-28 10:21:14,34,45,125,189
2023-11-28 10:21:14,35,45,125,189
2023-11-28 10:21:14,37,45,125,189
2023-11-28 10:21:14,39,45,125,189
2023-11-28 10:21:14,39,44,125,189
2023-11-28 10:21:32,38,44,125,189
2023-11-28 10:21:32,38,45,125,189
2023-11-28 10:21:32,40,45,125,189
2023-11-28 10:21:32,40,44,125,189
2023-11-28 10:21:58,40,46,125,189
2023-11-28 10:21:58,0,46,125,189
2023-11-28 10:21:58,37,46,125,189
2023-11-28 10:21:58,39,46,125,189
2023-11-28 10:21:58,39,44,125,189
2023-11-28 10:22:13,37,44,125,189
2023-11-28 10:22:13,37,46,125,189
2023-11-28 10:22:13,38,46,125,189
2023-11-28 10:22:13,40,46,125,189
2023-11-28 10:22:13,40,44,125,189
2023-11-28 10:22:43,37,44,125,189
2023-11-28 10:22:43,37,47,125,189
2023-11-28 10:22:43,39,47,125,189
2023-11-28 10:22:43,41,47,125,189
2023-11-28 10:22:43,41,45,125,189
2023-11-28 10:22:55,41,47,125,189
2023-11-28 10:22:55,37,47,125,189
2023-11-28 10:22:55,40,47,125,189
2023-11-28 10:22:55,40,46,125,189
2023-11-28 10:22:55,40,44,125,189
2023-11-28 10:23:18,40,47,125,189
2023-11-28 10:23:18,37,47,125,189
2023-11-28 10:23:18,39,47,125,189
2023-11-28 10:23:18,39,44,125,189
2023-11-28 10:23:33,39,47,125,189
2023-11-28 10:23:33,0,47,125,189
2023-11-28 10:23:33,38,47,125,189
2023-11-28 10:23:33,38,41,125,189
2023-11-28 10:24:33,36,41,125,189
2023-11-28 10:24:34,38,42,125,189
2023-11-28 10:24:37,38,43,125,189
2023-11-28 10:24:55,38,42,125,189
2023-11-28 10:25:06,38,43,125,189
2023-11-28 10:25:34,36,43,125,189
2023-11-28 10:25:35,37,43,125,189
2023-11-28 10:25:35,37,41,125,189
2023-11-28 10:25:46,0,41,125,189
2023-11-28 10:25:46,0,43,125,189
2023-11-28 10:25:46,36,43,125,189
2023-11-28 10:25:46,38,43,125,189
2023-11-28 10:26:07,38,100,125,189
2023-11-28 10:26:07,40,100,125,189
2023-11-28 10:26:07,40,44,125,189
2023-11-28 10:26:29,40,45,125,189
2023-11-28 10:26:29,38,45,125,189
2023-11-28 10:26:29,38,44,125,189
2023-11-28 10:26:29,38,43,125,189
2023-11-28 10:26:35,37,43,125,189
2023-11-28 10:26:35,37,45,125,189
2023-11-28 10:26:35,39,45,125,189
2023-11-28 10:26:35,39,44,125,189
2023-11-28 10:27:35,37,44,125,189
2023-11-28 10:27:35,34,45,125,189
2023-11-28 10:27:35,31,45,125,189
2023-11-28 10:27:35,28,45,125,189
2023-11-28 10:27:35,0,45,125,189
2023-11-28 10:27:35,38,45,125,189
2023-11-28 10:27:35,38,43,125,189
2023-11-28 10:28:03,36,43,125,189
2023-11-28 10:28:03,39,43,125,189
2023-11-28 10:28:04,39,44,125,189
2023-11-28 10:28:36,36,44,125,189
2023-11-28 10:28:36,36,100,125,189
2023-11-28 10:28:36,40,100,125,189
2023-11-28 10:28:36,40,44,125,189
2023-11-28 10:28:42,40,45,125,189
2023-11-28 10:28:42,36,45,125,189
2023-11-28 10:28:42,39,45,125,189
2023-11-28 10:28:42,39,44,125,189
2023-11-28 10:29:11,39,45,125,189
2023-11-28 10:29:11,36,45,125,189
2023-11-28 10:29:11,38,45,125,189
2023-11-28 10:29:11,38,44,125,189
2023-11-28 10:29:11,38,43,125,189
2023-11-28 10:29:38,38,45,125,189
2023-11-28 10:29:38,35,45,125,189
2023-11-28 10:29:38,36,45,125,189
2023-11-28 10:29:38,36,40,125,189
2023-11-28 10:30:07,36,45,125,189
2023-11-28 10:30:07,33,45,125,189
2023-11-28 10:30:07,35,45,125,189
2023-11-28 10:30:07,35,39,125,189
2023-11-28 10:30:36,32,39,125,189
2023-11-28 10:30:36,32,40,125,189
2023-11-28 10:30:36,36,40,125,189
2023-11-28 10:30:38,32,40,125,189
2023-11-28 10:30:38,32,100,125,189
2023-11-28 10:30:38,38,100,125,189
2023-11-28 10:30:38,38,44,125,189
2023-11-28 10:30:38,38,43,125,189
2023-11-28 10:30:55,32,43,125,189
2023-11-28 10:30:55,32,44,125,189
2023-11-28 10:30:55,39,44,125,189
2023-11-28 10:31:12,32,44,125,189
2023-11-28 10:31:12,37,44,125,189
2023-11-28 10:31:12,37,41,125,189
2023-11-28 10:31:38,32,41,125,189
2023-11-28 10:31:38,32,44,125,189
2023-11-28 10:31:38,37,44,125,189
2023-11-28 10:31:38,39,44,125,189
2023-11-28 10:31:38,39,43,125,189
2023-11-28 10:32:07,39,44,125,189
2023-11-28 10:32:07,36,44,125,189
2023-11-28 10:32:07,37,44,125,189
2023-11-28 10:32:07,37,41,125,189
2023-11-28 10:33:07,35,41,125,189
2023-11-28 10:33:08,37,43,125,189
2023-11-28 10:33:08,37,41,125,189
2023-11-28 10:33:24,35,41,125,189
2023-11-28 10:33:24,35,43,125,189
2023-11-28 10:33:24,36,43,125,189
2023-11-28 10:33:24,38,43,125,189
2023-11-28 10:34:24,38,44,125,189
2023-11-28 10:34:25,38,45,125,189
2023-11-28 10:34:25,38,44,125,189
2023-11-28 10:34:25,38,43,125,189
2023-11-28 10:34:53,37,43,125,189
2023-11-28 10:34:53,37,45,125,189
2023-11-28 10:34:53,39,45,125,189
2023-11-28 10:34:53,39,44,125,189
2023-11-28 10:35:13,39,45,125,189
2023-11-28 10:35:13,37,45,125,189
2023-11-28 10:35:13,38,45,125,189
2023-11-28 10:35:13,38,44,125,189
2023-11-28 10:35:13,38,43,125,189
2023-11-28 10:35:27,38,45,125,189
2023-11-28 10:35:27,0,45,125,189
2023-11-28 10:35:27,33,45,125,189
2023-11-28 10:35:27,37,45,125,189
2023-11-28 10:35:27,37,44,125,189
2023-11-28 10:35:27,37,41,125,189
2023-11-28 10:35:51,37,100,125,189
2023-11-28 10:35:51,34,100,125,189
2023-11-28 10:35:51,34,47,125,189
2023-11-28 10:35:51,34,45,125,189
2023-11-28 10:35:51,34,43,125,189
2023-11-28 10:35:51,34,40,125,189
2023-11-28 10:35:55,31,40,125,189
2023-11-28 10:35:58,33,40,125,189
2023-11-28 10:36:02,33,37,125,189
2023-11-28 10:37:02,31,37,125,189
2023-11-28 10:37:03,34,40,125,189
2023-11-28 10:37:03,34,38,125,189
2023-11-28 10:38:03,34,39,125,189
2023-11-28 10:38:04,31,39,125,189
2023-11-28 10:38:04,33,39,125,189
2023-11-28 10:38:04,35,39,125,189
2023-11-28 10:38:17,35,100,125,189
2023-11-28 10:38:17,0,100,125,189
2023-11-28 10:38:17,34,100,125,189
2023-11-28 10:38:17,34,38,125,189
2023-11-28 10:38:24,31,38,125,189
2023-11-28 10:38:24,31,39,125,189
2023-11-28 10:38:24,33,39,125,189
2023-11-28 10:38:24,35,39,125,189
2023-11-28 10:38:48,0,39,125,189
2023-11-28 10:38:48,0,41,125,189
2023-11-28 10:38:48,35,41,125,189
2023-11-28 10:38:48,37,41,125,189
2023-11-28 10:38:55,0,41,125,189
2023-11-28 10:38:55,0,44,125,189
2023-11-28 10:38:55,34,44,125,189
2023-11-28 10:38:55,36,44,125,189
2023-11-28 10:38:57,0,44,125,189
2023-11-28 10:38:57,38,44,125,189
2023-11-28 10:39:00,38,47,125,189
2023-11-28 10:39:00,38,49,125,189
2023-11-28 10:39:02,0,49,125,189
2023-11-28 10:39:02,0,100,125,189
2023-11-28 10:39:02,36,100,125,189
2023-11-28 10:39:02,39,100,125,189
2023-11-28 10:39:02,41,100,125,189
2023-11-28 10:39:02,41,51,125,189
2023-11-28 10:39:07,45,51,125,189
2023-11-28 10:39:08,45,100,125,189
2023-11-28 10:39:08,45,53,125,189
2023-11-28 10:39:08,45,51,125,189
2023-11-28 10:39:08,45,49,125,189
2023-11-28 10:39:20,45,100,125,189
2023-11-28 10:39:20,0,100,125,189
2023-11-28 10:39:20,39,100,125,189
2023-11-28 10:39:20,42,100,125,189
2023-11-28 10:39:20,44,100,125,189
2023-11-28 10:39:20,44,48,125,189
2023-11-28 10:39:35,0,48,125,189
2023-11-28 10:39:35,0,49,125,189
2023-11-28 10:39:35,41,49,125,189
2023-11-28 10:39:35,43,49,125,189
2023-11-28 10:39:37,43,52,125,189
2023-11-28 10:39:37,43,53,125,189
2023-11-28 10:39:41,0,53,125,189
2023-11-28 10:39:41,0,100,125,189
2023-11-28 10:39:41,0,54,125,189
2023-11-28 10:39:41,48,54,125,189
2023-11-28 10:39:41,48,52,125,189
2023-11-28 10:39:43,0,52,125,189
2023-11-28 10:39:43,0,54,125,189
2023-11-28 10:39:43,44,54,125,189
2023-11-28 10:39:43,49,54,125,189
2023-11-28 10:39:43,49,53,125,189
2023-11-28 10:39:48,49,54,125,189
2023-11-28 10:39:48,0,54,125,189
2023-11-28 10:39:48,46,54,125,189
2023-11-28 10:39:48,48,54,125,189
2023-11-28 10:39:48,48,52,125,189
2023-11-28 10:40:02,48,54,125,189
2023-11-28 10:40:03,48,57,125,189
2023-11-28 10:40:03,48,60,125,189
2023-11-28 10:40:03,48,63,125,189
2023-11-28 10:40:03,48,100,125,189
2023-11-28 10:40:07,48,61,125,189
2023-11-28 10:40:11,48,64,125,189
2023-11-28 10:40:11,48,67,125,189
2023-11-28 10:40:11,48,70,125,189
2023-11-28 10:40:11,48,100,125,189
2023-11-28 10:40:28,53,100,125,189
2023-11-28 10:40:28,55,100,125,189
2023-11-28 10:40:28,55,59,125,189
2023-11-28 10:40:39,55,61,25,289
2023-11-28 10:40:42,48,61,25,289
2023-11-28 10:40:42,48,64,25,289
2023-11-28 10:40:42,53,64,25,289
2023-11-28 10:40:42,55,64,25,289
2023-11-28 10:40:42,55,63,25,289
2023-11-28 10:40:42,55,61,25,289
2023-11-28 10:41:00,55,65,25,289
2023-11-28 10:41:00,48,65,25,289
2023-11-28 10:41:00,54,65,25,289
2023-11-28 10:41:00,54,62,25,289
2023-11-28 10:41:00,54,60,25,289
2023-11-28 10:41:03,48,60,25,289
2023-11-28 10:41:03,48,65,25,289
2023-11-28 10:41:03,50,65,25,289
2023-11-28 10:41:03,53,65,25,289
2023-11-28 10:41:03,55,65,25,289
2023-11-28 10:41:03,55,61,25,289
2023-11-28 10:41:08,48,61,25,289
2023-11-28 10:41:08,48,65,25,289
2023-11-28 10:41:08,52,65,25,289
2023-11-28 10:41:08,56,65,25,289
2023-11-28 10:41:08,56,63,25,289
2023-11-28 10:41:51,0,63,25,289
2023-11-28 10:41:51,0,65,25,289
2023-11-28 10:41:51,55,65,25,289
2023-11-28 10:41:51,57,65,25,289
2023-11-28 10:41:51,57,64,25,289
2023-11-28 10:41:53,0,64,25,289
2023-11-28 10:41:53,0,65,25,289
2023-11-28 10:41:53,60,65,25,289
2023-11-28 10:41:55,0,65,25,289
2023-11-28 10:41:55,56,65,25,289
2023-11-28 10:41:55,61,65,25,289
2023-11-28 10:41:55,61,67,25,289
2023-11-28 10:42:01,63,67,25,289
2023-11-28 10:42:03,63,71,25,289
2023-11-28 10:42:03,63,69,25,289
2023-11-28 10:42:09,63,100,25,289
2023-11-28 10:42:09,63,72,25,289
2023-11-28 10:42:09,63,70,25,289
2023-11-28 10:42:09,63,68,25,289
2023-11-28 10:42:18,63,70,139,439
2023-11-28 10:42:34,62,70,139,439
2023-11-28 10:43:09,0,70,139,439
2023-11-28 10:43:10,56,71,139,439
2023-11-28 10:43:10,62,71,139,439
2023-11-28 10:43:10,62,68,139,439
2023-11-28 10:43:16,65,68,139,439
2023-11-28 10:43:22,65,72,139,439
2023-11-28 10:43:22,65,70,139,439
2023-11-28 10:43:27,65,100,139,439
2023-11-28 10:43:27,65,73,139,439
2023-11-28 10:43:27,65,72,139,439
2023-11-28 10:43:31,65,74,139,439
2023-11-28 10:43:31,65,69,139,439
2023-11-28 10:43:34,65,72,164,464
2023-11-28 10:43:37,65,74,164,464
2023-11-28 10:43:37,65,73,164,464
2023-11-28 10:43:37,65,72,164,464
2023-11-28 10:43:41,65,100,164,464
2023-11-28 10:43:41,65,74,164,464
2023-11-28 10:43:41,65,70,164,464
2023-11-28 10:43:43,65,100,164,464
2023-11-28 10:43:43,65,70,164,464
2023-11-28 10:43:43,65,68,164,464
2023-11-28 10:43:43,62,68,164,464
2023-11-28 10:43:47,62,100,164,464
2023-11-28 10:43:47,61,100,164,464
2023-11-28 10:43:47,61,72,164,464
2023-11-28 10:43:47,61,67,164,464
2023-11-28 10:43:58,61,100,164,464
2023-11-28 10:43:58,62,100,164,464
2023-11-28 10:43:58,62,72,164,464
2023-11-28 10:43:58,62,70,164,464
2023-11-28 10:43:58,62,68,164,464
2023-11-28 10:44:07,61,68,164,464
2023-11-28 10:44:07,61,100,164,464
2023-11-28 10:44:07,64,100,164,464
2023-11-28 10:44:07,64,72,164,464
2023-11-28 10:44:07,64,69,164,464
2023-11-28 10:44:22,64,72,189,489
2023-11-28 10:44:35,64,100,189,489
2023-11-28 10:44:35,61,100,189,489
2023-11-28 10:44:35,63,100,189,489
2023-11-28 10:44:35,65,100,189,489
2023-11-28 10:44:35,65,73,189,489
2023-11-28 10:44:35,65,72,189,489
2023-11-28 10:44:50,61,72,189,489
2023-11-28 10:44:50,61,100,189,489
2023-11-28 10:44:50,63,100,189,489
2023-11-28 10:44:50,65,100,189,489
2023-11-28 10:44:50,65,80,189,489
2023-11-28 10:44:50,65,78,189,489
2023-11-28 10:44:50,65,76,189,489
2023-11-28 10:45:03,65,79,189,489
2023-11-28 10:45:03,61,79,189,489
2023-11-28 10:45:03,64,79,189,489
2023-11-28 10:45:03,66,79,189,489
2023-11-28 10:45:03,66,72,189,489
2023-11-28 10:45:11,66,79,189,489
2023-11-28 10:45:11,0,79,189,489
2023-11-28 10:45:11,63,79,189,489
2023-11-28 10:45:11,65,79,189,489
2023-11-28 10:45:11,65,73,189,489
2023-11-28 10:45:11,65,72,189,489
2023-11-28 10:45:16,65,79,189,489
2023-11-28 10:45:16,0,79,189,489
2023-11-28 10:45:16,63,79,189,489
2023-11-28 10:45:16,63,72,189,489
2023-11-28 10:45:16,63,69,189,489
2023-11-28 10:45:36,64,69,189,489
2023-11-28 10:45:47,64,79,189,489
2023-11-28 10:45:47,64,74,189,489
2023-11-28 10:45:47,64,72,189,489
2023-11-28 10:45:47,64,70,189,489
2023-11-28 10:46:47,64,72,189,489
2023-11-28 10:46:48,64,74,189,489
2023-11-28 10:46:48,64,72,189,489
2023-11-28 10:46:48,64,70,189,489
2023-11-28 10:46:58,64,100,189,489
2023-11-28 10:46:58,64,70,189,489
2023-11-28 10:46:58,64,68,189,489
2023-11-28 10:47:11,62,68,189,489
2023-11-28 10:47:14,62,100,189,489
2023-11-28 10:47:14,0,100,189,489
2023-11-28 10:47:14,59,100,189,489
2023-11-28 10:47:14,61,100,189,489
2023-11-28 10:47:14,61,69,189,489
2023-11-28 10:47:14,61,67,189,489
2023-11-28 10:47:14,62,67,189,489
2023-11-28 10:47:19,62,100,189,489
2023-11-28 10:47:19,62,68,189,489
2023-11-28 10:47:19,62,66,189,489
2023-11-28 10:47:19,60,66,189,489
2023-11-28 10:47:33,60,100,189,489
2023-11-28 10:47:33,61,100,189,489
2023-11-28 10:47:33,61,72,189,489
2023-11-28 10:47:33,61,69,189,489
2023-11-28 10:47:33,61,67,189,489
2023-11-28 10:47:56,60,67,189,489
2023-11-28 10:47:56,60,70,189,489
2023-11-28 10:47:56,63,70,189,489
2023-11-28 10:47:56,63,68,189,489
2023-11-28 10:48:28,63,100,189,489
2023-11-28 10:48:28,60,100,189,489
2023-11-28 10:48:28,61,100,189,489
2023-11-28 10:48:28,61,69,189,489
2023-11-28 10:48:28,61,67,189,489
2023-11-28 10:49:08,0,67,189,489
2023-11-28 10:49:08,0,100,189,489
2023-11-28 10:49:08,60,100,189,489
2023-11-28 10:49:08,62,100,189,489
2023-11-28 10:49:08,62,70,189,489
2023-11-28 10:49:08,62,68,189,489
2023-11-28 10:49:12,64,68,189,489
2023-11-28 10:49:19,62,68,189,489
2023-11-28 10:49:23,63,68,189,489
2023-11-28 10:49:28,62,68,189,489
2023-11-28 10:49:30,63,68,189,489
2023-11-28 10:49:50,63,71,189,489
2023-11-28 10:49:50,63,70,189,489
2023-11-28 10:49:50,63,66,189,489
2023-11-28 10:49:52,60,66,189,489
2023-11-28 10:50:41,60,71,189,489
2023-11-28 10:50:41,62,71,189,489
2023-11-28 10:50:41,62,69,189,489
2023-11-28 10:50:41,62,67,189,489
2023-11-28 10:51:40,63,67,189,489
2023-11-28 10:51:41,63,69,189,489
2023-11-28 10:51:42,63,70,189,489
2023-11-28 10:51:42,63,68,189,489
2023-11-28 10:52:35,63,73,189,489
2023-11-28 10:52:35,63,72,189,489
2023-11-28 10:52:35,63,69,189,489
2023-11-28 10:53:32,66,69,189,489
2023-11-28 10:53:36,66,72,189,489
2023-11-28 10:53:36,66,70,189,489
2023-11-28 10:53:58,64,70,189,489
2023-11-28 10:54:00,65,70,189,489
2023-11-28 10:54:05,64,70,189,489
2023-11-28 10:54:19,66,70,189,489
2023-11-28 10:54:36,66,72,189,489
2023-11-28 10:54:36,63,75,189,489
2023-11-28 10:54:36,60,75,189,489
2023-11-28 10:54:36,57,75,189,489
2023-11-28 10:54:36,0,75,189,489
2023-11-28 10:54:37,64,75,189,489
2023-11-28 10:54:37,64,70,189,489
2023-11-28 10:54:39,65,70,189,489
2023-11-28 10:54:44,64,70,189,489
2023-11-28 10:54:46,64,75,189,489
2023-11-28 10:54:46,0,75,189,489
2023-11-28 10:54:46,61,75,189,489
2023-11-28 10:54:46,63,75,189,489
2023-11-28 10:54:46,63,70,189,489
2023-11-28 10:54:46,63,68,189,489
2023-11-28 10:54:59,63,75,189,489
2023-11-28 10:54:59,63,72,189,489
2023-11-28 10:54:59,63,69,189,489
2023-11-28 10:54:59,63,67,189,489
2023-11-28 10:55:02,61,67,189,489
2023-11-28 10:55:14,61,75,189,489
2023-11-28 10:55:14,61,65,189,489
2023-11-28 10:55:20,61,75,189,489
2023-11-28 10:55:20,61,66,189,489
2023-11-28 10:55:20,61,64,189,489
2023-11-28 10:55:21,58,64,189,489
2023-11-28 10:55:21,57,64,189,489
2023-11-28 10:55:22,57,75,189,489
2023-11-28 10:55:22,0,75,189,489
2023-11-28 10:55:22,49,75,189,489
2023-11-28 10:55:22,54,75,189,489
2023-11-28 10:55:22,54,68,189,489
2023-11-28 10:55:22,54,64,189,489
2023-11-28 10:55:24,56,64,189,489
2023-11-28 10:55:27,54,64,189,489
2023-11-28 10:55:30,56,64,189,489
2023-11-28 10:55:53,56,100,189,489
2023-11-28 10:55:53,56,64,189,489
2023-11-28 10:55:53,56,60,189,489
2023-11-28 10:55:56,54,60,189,489
2023-11-28 10:56:00,55,60,189,489
2023-11-28 10:56:08,55,100,189,489
2023-11-28 10:56:08,56,100,189,489
2023-11-28 10:56:08,56,62,189,489
2023-11-28 10:56:20,55,62,189,489
2023-11-28 10:56:20,55,100,189,489
2023-11-28 10:56:20,56,100,189,489
2023-11-28 10:56:20,56,63,189,489
2023-11-28 10:56:32,55,63,189,489
2023-11-28 10:56:32,55,66,189,489
2023-11-28 10:56:32,57,66,189,489
2023-11-28 10:56:32,57,64,189,489
2023-11-28 10:56:36,55,64,189,489
2023-11-28 10:56:36,55,67,189,489
2023-11-28 10:56:36,60,67,189,489
2023-11-28 10:56:36,60,66,189,489
2023-11-28 10:57:27,0,66,189,489
2023-11-28 10:57:27,0,69,189,489
2023-11-28 10:57:27,56,69,189,489
2023-11-28 10:57:27,61,69,189,489
2023-11-28 10:57:27,61,67,189,489
2023-11-28 10:58:03,63,67,189,489
2023-11-28 10:58:06,63,100,189,489
2023-11-28 10:58:06,63,68,189,489
2023-11-28 10:58:17,63,68,203,503
2023-11-28 10:58:21,63,72,203,503
2023-11-28 10:58:21,64,72,203,503
2023-11-28 10:58:21,64,70,203,503
2023-11-28 10:59:21,63,70,203,503
2023-11-28 10:59:22,63,72,203,503
2023-11-28 10:59:22,63,69,203,503
2023-11-28 10:59:37,64,69,203,503
2023-11-28 10:59:52,64,74,203,503
2023-11-28 10:59:52,65,74,203,503
2023-11-28 10:59:52,65,73,203,503
2023-11-28 10:59:52,65,72,203,503
2023-11-28 11:00:01,64,72,203,503
2023-11-28 11:00:01,64,75,203,503
2023-11-28 11:00:01,66,75,203,503
2023-11-28 11:00:01,66,72,203,503
2023-11-28 11:00:18,66,100,203,503
2023-11-28 11:00:18,64,100,203,503
2023-11-28 11:00:18,65,100,203,503
2023-11-28 11:00:18,65,75,203,503
2023-11-28 11:00:18,65,73,203,503
2023-11-28 11:00:18,65,72,203,503
2023-11-28 11:00:50,65,74,203,503
2023-11-28 11:00:50,64,74,203,503
2023-11-28 11:00:50,64,69,203,503
2023-11-28 11:01:11,63,69,203,503
2023-11-28 11:01:13,63,74,203,503
2023-11-28 11:01:13,0,74,203,503
2023-11-28 11:01:13,60,74,203,503
2023-11-28 11:01:13,62,74,203,503
2023-11-28 11:01:13,62,70,203,503
2023-11-28 11:01:13,62,68,203,503
2023-11-28 11:01:22,63,68,203,503
2023-11-28 11:01:55,63,74,203,503
2023-11-28 11:01:55,63,72,203,503
2023-11-28 11:01:55,63,69,203,503
2023-11-28 11:02:11,63,74,203,503
2023-11-28 11:02:11,65,74,203,503
2023-11-28 11:02:11,65,72,203,503
2023-11-28 11:02:28,63,72,203,503
2023-11-28 11:02:28,63,100,203,503
2023-11-28 11:02:28,66,100,203,503
2023-11-28 11:02:28,66,74,203,503
2023-11-28 11:02:28,66,72,203,503
2023-11-28 11:02:34,66,100,203,503
2023-11-28 11:02:34,63,100,203,503
2023-11-28 11:02:34,65,100,203,503
2023-11-28 11:02:34,65,75,203,503
2023-11-28 11:02:34,65,72,203,503
2023-11-28 11:02:46,63,72,203,503
2023-11-28 11:02:46,63,75,203,503
2023-11-28 11:02:46,64,75,203,503
2023-11-28 11:02:46,66,75,203,503
2023-11-28 11:02:46,66,74,203,503
2023-11-28 11:02:46,66,72,203,503
2023-11-28 11:03:23,68,72,203,503
2023-11-28 11:03:45,66,72,203,503
2023-11-28 11:03:46,64,72,203,503
2023-11-28 11:03:47,63,76,203,503
2023-11-28 11:03:47,65,76,203,503
2023-11-28 11:03:47,65,75,203,503
2023-11-28 11:03:47,65,72,203,503
2023-11-28 11:03:47,66,72,203,503
2023-11-28 11:03:57,65,72,203,503
2023-11-28 11:04:28,65,76,203,503
2023-11-28 11:04:28,67,76,203,503
2023-11-28 11:04:28,67,72,203,503
2023-11-28 11:05:28,65,72,203,503
2023-11-28 11:05:29,67,77,203,503
2023-11-28 11:05:29,67,73,203,503
2023-11-28 11:06:08,67,77,203,503
2023-11-28 11:06:08,68,77,203,503
2023-11-28 11:06:08,68,76,203,503
2023-11-28 11:06:08,68,74,203,503
2023-11-28 11:06:24,67,74,203,503
2023-11-28 11:06:24,67,100,203,503
2023-11-28 11:06:24,69,100,203,503
2023-11-28 11:06:24,69,75,203,503
2023-11-28 11:07:24,69,79,203,503
2023-11-28 11:07:25,69,79,203,503
2023-11-28 11:07:25,69,77,203,503
2023-11-28 11:07:25,69,75,203,503
2023-11-28 11:07:57,71,75,203,503
2023-11-28 11:08:08,71,79,203,503
2023-11-28 11:08:08,71,76,203,503
2023-11-28 11:08:16,71,100,203,503
2023-11-28 11:08:16,71,75,203,503
2023-11-28 11:08:20,69,75,203,503
2023-11-28 11:08:23,71,75,203,503
2023-11-28 11:09:08,69,75,203,503
2023-11-28 11:09:11,69,79,203,503
2023-11-28 11:09:11,69,75,203,503
2023-11-28 11:09:11,69,73,203,503
2023-11-28 11:09:48,68,73,203,503
2023-11-28 11:09:54,68,79,203,503
2023-11-28 11:09:54,67,79,203,503
2023-11-28 11:09:54,67,72,203,503
2023-11-28 11:09:56,66,72,203,503
2023-11-28 11:10:06,66,79,203,503
2023-11-28 11:10:06,0,79,203,503
2023-11-28 11:10:06,61,79,203,503
2023-11-28 11:10:06,63,79,203,503
2023-11-28 11:10:06,65,79,203,503
2023-11-28 11:10:06,65,72,203,503
2023-11-28 11:10:40,65,79,203,503
2023-11-28 11:10:40,64,79,203,503
2023-11-28 11:10:40,64,69,203,503
2023-11-28 11:11:05,64,74,203,503
2023-11-28 11:11:05,65,74,203,503
2023-11-28 11:11:05,65,72,203,503
2023-11-28 11:11:12,65,74,203,503
2023-11-28 11:11:12,64,74,203,503
2023-11-28 11:11:12,64,73,203,503
2023-11-28 11:11:12,64,72,203,503
2023-11-28 11:11:12,64,69,203,503
2023-11-28 11:11:23,63,69,203,503
2023-11-28 11:11:26,63,74,203,503
2023-11-28 11:11:26,0,74,203,503
2023-11-28 11:11:26,62,74,203,503
2023-11-28 11:11:26,62,68,203,503
2023-11-28 11:11:46,63,68,203,503
2023-11-28 11:12:06,62,68,203,503
2023-11-28 11:12:21,61,68,203,503
2023-11-28 11:12:21,61,74,203,503
2023-11-28 11:12:21,63,74,203,503
2023-11-28 11:12:21,63,69,203,503
2023-11-28 11:12:55,61,69,203,503
2023-11-28 11:12:55,61,100,203,503
2023-11-28 11:12:55,65,100,203,503
2023-11-28 11:12:55,65,73,203,503
2023-11-28 11:12:55,65,72,203,503
2023-11-28 11:13:35,0,72,203,503
2023-11-28 11:13:35,0,100,203,503
2023-11-28 11:13:35,62,100,203,503
2023-11-28 11:13:35,66,100,203,503
2023-11-28 11:13:35,66,76,203,503
2023-11-28 11:13:35,66,72,203,503
2023-11-28 11:13:39,68,72,203,503
2023-11-28 11:13:59,68,77,203,503
2023-11-28 11:13:59,68,73,203,503
2023-11-28 11:14:06,68,100,203,503
2023-11-28 11:14:06,69,100,203,503
2023-11-28 11:14:06,69,79,203,503
2023-11-28 11:14:06,69,75,203,503
2023-11-28 11:15:06,68,75,203,503
2023-11-28 11:15:07,70,79,203,503
2023-11-28 11:15:07,70,77,203,503
2023-11-28 11:15:07,70,75,203,503
2023-11-28 11:15:32,71,75,203,503
2023-11-28 11:16:07,71,79,203,503
2023-11-28 11:16:08,71,75,203,503
2023-11-28 11:16:53,69,75,203,503
2023-11-28 11:16:55,70,75,203,503
2023-11-28 11:16:58,69,75,203,503
2023-11-28 11:16:59,69,79,203,503
2023-11-28 11:16:59,0,79,203,503
2023-11-28 11:16:59,68,79,203,503
2023-11-28 11:16:59,68,77,203,503
2023-11-28 11:16:59,68,73,203,503
2023-11-28 11:17:08,69,73,203,503
2023-11-28 11:17:53,69,79,203,503
2023-11-28 11:17:53,69,74,203,503
2023-11-28 11:17:53,69,72,203,503
2023-11-28 11:17:53,66,72,203,503
2023-11-28 11:17:56,67,72,203,503
2023-11-28 11:18:14,67,100,203,503
2023-11-28 11:18:14,67,75,203,503
2023-11-28 11:18:14,67,73,203,503
2023-11-28 11:18:34,67,100,203,503
2023-11-28 11:18:34,69,100,203,503
2023-11-28 11:18:34,69,77,203,503
2023-11-28 11:18:34,69,75,203,503
2023-11-28 11:18:42,67,75,203,503
2023-11-28 11:18:42,67,79,203,503
2023-11-28 11:18:42,70,79,203,503
2023-11-28 11:18:42,70,78,203,503
2023-11-28 11:18:42,70,76,203,503
2023-11-28 11:19:42,68,76,203,503
2023-11-28 11:19:43,71,80,203,503
2023-11-28 11:19:43,71,79,203,503
2023-11-28 11:19:43,71,77,203,503
2023-11-28 11:20:01,72,77,203,503
2023-11-28 11:20:18,72,79,203,503
2023-11-28 11:20:18,72,77,203,503
2023-11-28 11:20:18,72,75,203,503
2023-11-28 11:20:21,70,75,203,503
2023-11-28 11:20:37,0,75,203,503
2023-11-28 11:20:37,0,79,203,503
2023-11-28 11:20:37,69,79,203,503
2023-11-28 11:20:37,71,79,203,503
2023-11-28 11:20:37,71,77,203,503
2023-11-28 11:20:52,71,81,203,503
2023-11-28 11:20:52,72,81,203,503
2023-11-28 11:20:52,72,78,203,503
2023-11-28 11:21:52,71,78,203,503
2023-11-28 11:21:53,71,77,203,503
2023-11-28 11:22:25,73,77,203,503
2023-11-28 11:22:33,73,81,203,503
2023-11-28 11:22:33,73,79,203,503
2023-11-28 11:23:33,73,81,203,503
2023-11-28 11:23:34,73,78,203,503
2023-11-28 11:23:37,72,78,203,503
2023-11-28 11:23:39,72,82,203,503
2023-11-28 11:23:39,0,82,203,503
2023-11-28 11:23:39,67,82,203,503
2023-11-28 11:23:39,69,82,203,503
2023-11-28 11:23:39,71,82,203,503
2023-11-28 11:23:39,71,77,203,503
2023-11-28 11:23:40,72,77,203,503
2023-11-28 11:23:43,71,77,203,503
2023-11-28 11:23:54,72,77,203,503
2023-11-28 11:24:08,72,82,203,503
2023-11-28 11:24:08,72,80,203,503
2023-11-28 11:24:08,72,78,203,503
2023-11-28 11:24:30,72,100,203,503
2023-11-28 11:24:30,74,100,203,503
2023-11-28 11:24:30,74,82,203,503
2023-11-28 11:24:30,74,80,203,503
2023-11-28 11:24:33,72,80,203,503
2023-11-28 11:24:33,72,100,203,503
2023-11-28 11:24:33,75,100,203,503
2023-11-28 11:24:33,75,87,203,503
2023-11-28 11:24:33,75,85,203,503
2023-11-28 11:25:33,73,85,203,503
2023-11-28 11:25:34,73,88,203,503
2023-11-28 11:25:34,75,88,203,503
2023-11-28 11:25:34,77,88,203,503
2023-11-28 11:25:34,77,83,203,503
2023-11-28 11:26:02,78,83,203,503
2023-11-28 11:26:18,77,83,203,503
2023-11-28 11:26:22,77,88,203,503
2023-11-28 11:26:22,76,88,203,503
2023-11-28 11:26:22,76,85,203,503
2023-11-28 11:26:22,76,82,203,503
2023-11-28 11:26:36,76,88,203,503
2023-11-28 11:26:36,77,88,203,503
2023-11-28 11:26:36,77,85,203,503
2023-11-28 11:26:36,77,83,203,503
2023-11-28 11:27:36,76,83,203,503
2023-11-28 11:27:37,77,87,203,503
2023-11-28 11:27:37,77,86,203,503
2023-11-28 11:27:37,77,85,203,503
2023-11-28 11:27:37,77,83,203,503
2023-11-28 11:27:46,76,83,203,503
2023-11-28 11:27:46,76,87,203,503
2023-11-28 11:27:46,78,87,203,503
2023-11-28 11:27:46,78,86,203,503
2023-11-28 11:27:46,78,84,203,503
2023-11-28 11:28:18,78,87,203,503
2023-11-28 11:28:18,0,87,203,503
2023-11-28 11:28:18,77,87,203,503
2023-11-28 11:28:18,77,86,203,503
2023-11-28 11:28:18,77,83,203,503
2023-11-28 11:28:21,79,83,203,503
2023-11-28 11:29:03,77,83,203,503
2023-11-28 11:29:18,75,83,203,503
2023-11-28 11:29:19,73,87,203,503
2023-11-28 11:29:19,75,87,203,503
2023-11-28 11:29:19,77,87,203,503
2023-11-28 11:29:19,77,83,203,503
2023-11-28 11:30:18,77,87,203,503
2023-11-28 11:30:18,79,87,203,503
2023-11-28 11:30:18,79,85,203,503
2023-11-28 11:30:55,82,85,203,503
2023-11-28 11:31:02,82,100,203,503
2023-11-28 11:31:02,82,86,203,503
2023-11-28 11:31:06,82,100,203,503
2023-11-28 11:31:06,82,91,203,503
2023-11-28 11:31:24,82,94,203,503
2023-11-28 11:31:24,84,94,203,503
2023-11-28 11:31:24,84,92,203,503
2023-11-28 11:31:24,84,91,203,503
2023-11-28 11:31:24,84,90,203,503
2023-11-28 11:32:24,84,91,203,503
2023-11-28 11:32:25,81,95,203,503
2023-11-28 11:32:25,82,95,203,503
2023-11-28 11:32:25,84,95,203,503
2023-11-28 11:32:25,84,90,203,503
2023-11-28 11:32:28,86,90,203,503
2023-11-28 11:33:25,86,92,203,503
2023-11-28 11:33:26,86,90,203,503
2023-11-28 11:33:46,84,90,203,503
2023-11-28 11:33:52,0,90,203,503
2023-11-28 11:33:52,0,95,203,503
2023-11-28 11:33:52,86,95,203,503
2023-11-28 11:33:52,86,94,203,503
2023-11-28 11:33:52,86,92,203,503
2023-11-28 11:34:00,88,92,203,503
2023-11-28 11:34:19,86,92,203,503
2023-11-28 11:34:22,87,92,203,503
2023-11-28 11:34:52,87,93,203,503
2023-11-28 11:34:53,87,94,203,503
2023-11-28 11:34:53,87,93,203,503
2023-11-28 11:34:53,87,92,203,503
2023-11-28 11:35:53,87,93,203,503
2023-11-28 11:35:54,87,91,203,503
2023-11-28 11:36:15,86,91,203,503
2023-11-28 11:36:24,88,91,203,503
2023-11-28 11:36:54,88,92,203,503
2023-11-28 11:36:55,88,92,203,503
2023-11-28 11:37:01,86,92,203,503
2023-11-28 11:37:04,87,92,203,503
2023-11-28 11:37:55,87,94,203,503
2023-11-28 11:37:56,87,91,203,503
2023-11-28 11:38:48,86,91,203,503
2023-11-28 11:38:56,86,92,203,503
2023-11-28 11:38:56,88,96,203,503
2023-11-28 11:38:56,88,92,203,503
2023-11-28 11:39:56,88,94,203,503
2023-11-28 11:39:57,88,93,203,503
2023-11-28 11:39:57,88,92,203,503
2023-11-28 11:40:35,86,92,203,503
2023-11-28 11:40:50,89,92,203,503
2023-11-28 11:40:57,89,94,203,503
2023-11-28 11:40:58,89,95,203,503
2023-11-28 11:40:58,89,93,203,503
2023-11-28 11:41:58,89,94,203,503
2023-11-28 11:41:59,89,94,203,503
2023-11-28 11:41:59,89,93,203,503
2023-11-28 11:42:14,89,93,220,520
2023-11-28 11:42:32,87,93,220,520
2023-11-28 11:42:49,89,93,220,520
2023-11-28 11:43:00,89,94,220,520
2023-11-28 11:43:00,89,93,220,520
2023-11-28 11:44:00,89,94,220,520
2023-11-28 11:44:01,89,95,220,520
2023-11-28 11:44:01,89,94,220,520
2023-11-28 11:44:01,89,93,220,520
2023-11-28 11:44:07,87,93,220,520
2023-11-28 11:44:10,88,93,220,520
2023-11-28 11:44:18,87,93,220,520
2023-11-28 11:44:30,89,93,220,520
2023-11-28 11:45:01,89,94,220,520
2023-11-28 11:45:02,89,93,220,520
2023-11-28 11:45:46,88,93,220,520
2023-11-28 11:46:02,88,94,220,520
2023-11-28 11:46:03,88,95,220,520
2023-11-28 11:46:03,88,94,220,520
2023-11-28 11:47:03,88,95,220,520
2023-11-28 11:47:04,88,94,220,520
2023-11-28 11:47:04,88,93,220,520
2023-11-28 11:47:15,89,93,220,520
2023-11-28 11:47:19,88,93,220,520
2023-11-28 11:47:38,88,95,220,520
2023-11-28 11:47:38,79,95,220,520
2023-11-28 11:47:38,0,95,220,520
2023-11-28 11:47:38,86,95,220,520
2023-11-28 11:47:38,86,93,220,520
2023-11-28 11:47:38,86,92,220,520
2023-11-28 11:47:39,86,95,220,520
2023-11-28 11:47:39,0,95,220,520
2023-11-28 11:47:39,85,95,220,520
2023-11-28 11:47:39,85,92,220,520
2023-11-28 11:47:39,85,91,220,520
2023-11-28 11:47:39,85,90,220,520
2023-11-28 11:48:24,85,95,220,520
2023-11-28 11:48:24,86,95,220,520
2023-11-28 11:48:24,86,92,220,520
2023-11-28 11:49:24,86,93,220,520
2023-11-28 11:49:25,83,96,220,520
2023-11-28 11:49:25,84,96,220,520
2023-11-28 11:49:25,86,96,220,520
2023-11-28 11:49:25,86,92,220,520
2023-11-28 11:49:38,88,92,220,520
2023-11-28 11:50:25,88,93,220,520
2023-11-28 11:50:26,88,95,220,520
2023-11-28 11:50:26,88,93,220,520
2023-11-28 11:51:07,87,93,220,520
2023-11-28 11:51:14,88,93,220,520
2023-11-28 11:51:26,88,94,220,520
2023-11-28 11:51:26,88,93,220,520
2023-11-28 11:51:26,88,92,220,520
2023-11-28 11:51:28,87,92,220,520
2023-11-28 11:52:03,87,96,220,520
2023-11-28 11:52:03,87,92,220,520
2023-11-28 11:52:03,87,91,220,520
2023-11-28 11:52:04,85,91,220,520
2023-11-28 11:52:06,86,91,220,520
2023-11-28 11:52:30,86,100,220,520
2023-11-28 11:52:30,86,93,220,520
2023-11-28 11:52:30,86,92,220,520
2023-11-28 11:53:30,0,92,220,520
2023-11-28 11:53:31,84,95,220,520
2023-11-28 11:53:31,86,95,220,520
2023-11-28 11:53:31,86,94,220,520
2023-11-28 11:53:31,86,93,220,520
2023-11-28 11:53:31,86,92,220,520
2023-11-28 11:53:43,87,92,220,520
2023-11-28 11:54:31,87,94,220,520
2023-11-28 11:54:31,87,98,220,520
2023-11-28 11:54:31,87,100,220,520
2023-11-28 11:54:32,87,93,220,520
2023-11-28 11:54:32,87,92,220,520
2023-11-28 11:55:01,86,92,220,520
2023-11-28 11:55:15,86,95,220,520
2023-11-28 11:55:15,0,95,220,520
2023-11-28 11:55:15,82,95,220,520
2023-11-28 11:55:15,83,95,220,520
2023-11-28 11:55:15,85,95,220,520
2023-11-28 11:55:15,85,90,220,520
2023-11-28 11:56:15,85,91,220,520
2023-11-28 11:56:16,85,91,220,520
2023-11-28 11:56:51,87,91,220,520
2023-11-28 11:57:16,87,92,220,520
2023-11-28 11:57:17,87,93,220,520
2023-11-28 11:57:17,87,92,220,520
2023-11-28 11:57:17,87,91,220,520
2023-11-28 11:58:17,87,95,220,520
2023-11-28 11:58:18,87,93,220,520
2023-11-28 11:58:18,87,92,220,520
2023-11-28 11:58:37,86,92,220,520
2023-11-28 11:58:52,87,92,220,520
2023-11-28 11:59:18,87,93,220,520
2023-11-28 11:59:19,87,93,220,520
2023-11-28 11:59:19,87,92,220,520
2023-11-28 11:59:19,87,91,220,520
2023-11-28 12:00:19,87,92,220,520
2023-11-28 12:00:20,87,93,220,520
2023-11-28 12:00:20,87,92,220,520
2023-11-28 12:00:47,86,92,220,520
2023-11-28 12:00:54,88,92,220,520
2023-11-28 12:01:20,88,94,220,520
2023-11-28 12:01:21,88,93,220,520
2023-11-28 12:01:21,88,92,220,520
2023-11-28 12:01:31,86,92,220,520
2023-11-28 12:01:33,87,92,220,520
2023-11-28 12:02:21,87,94,220,520
2023-11-28 12:02:21,87,93,220,520
2023-11-28 12:02:21,87,92,220,520
2023-11-28 12:03:21,87,93,220,520
2023-11-28 12:03:22,87,92,220,520
2023-11-28 12:04:22,87,96,220,520
2023-11-28 12:04:23,87,94,220,520
2023-11-28 12:04:23,87,93,220,520
2023-11-28 12:05:23,87,94,220,520
2023-11-28 12:05:24,84,95,220,520
2023-11-28 12:05:24,84,95,220,520
2023-11-28 12:05:24,86,95,220,520
2023-11-28 12:05:24,86,93,220,520
2023-11-28 12:05:24,86,92,220,520
2023-11-28 12:05:32,87,92,220,520
2023-11-28 12:05:49,86,92,220,520
2023-11-28 12:05:55,86,95,220,520
2023-11-28 12:05:55,85,95,220,520
2023-11-28 12:05:55,85,92,220,520
2023-11-28 12:05:55,85,90,220,520
2023-11-28 12:06:33,85,100,220,520
2023-11-28 12:06:33,85,90,220,520
2023-11-28 12:06:34,82,90,220,520
2023-11-28 12:06:34,80,90,220,520
2023-11-28 12:06:38,82,90,220,520
2023-11-28 12:06:40,82,100,220,520
2023-11-28 12:06:40,82,89,220,520
2023-11-28 12:06:40,82,86,220,520
2023-11-28 12:06:40,81,86,220,520
2023-11-28 12:07:32,81,91,220,520
2023-11-28 12:07:32,82,91,220,520
2023-11-28 12:07:32,82,90,220,520
2023-11-28 12:07:32,82,88,220,520
2023-11-28 12:08:18,0,88,220,520
2023-11-28 12:08:18,0,93,220,520
2023-11-28 12:08:18,83,93,220,520
2023-11-28 12:08:18,83,91,220,520
2023-11-28 12:08:18,83,89,220,520
2023-11-28 12:08:24,85,89,220,520
2023-11-28 12:09:18,85,90,220,520
2023-11-28 12:09:19,85,90,220,520
2023-11-28 12:09:19,85,89,220,520
2023-11-28 12:09:32,83,89,220,520
2023-11-28 12:09:34,84,89,220,520
2023-11-28 12:10:19,84,90,220,520
2023-11-28 12:10:20,84,91,220,520
2023-11-28 12:10:20,84,90,220,520
2023-11-28 12:11:20,82,90,220,520
2023-11-28 12:11:21,85,100,220,520
2023-11-28 12:11:21,85,90,220,520
2023-11-28 12:11:23,87,90,220,520
2023-11-28 12:11:30,85,90,220,520
2023-11-28 12:11:32,86,90,220,520
2023-11-28 12:12:21,86,94,220,520
2023-11-28 12:12:22,86,92,220,520
2023-11-28 12:12:22,86,90,220,520
2023-11-28 12:12:24,86,90,338,638
2023-11-28 12:12:45,84,90,338,638
2023-11-28 12:12:48,85,90,338,638
2023-11-28 12:13:22,85,92,338,638
2023-11-28 12:13:23,85,89,338,638
2023-11-28 12:14:03,85,94,338,638
2023-11-28 12:14:03,85,91,338,638
2023-11-28 12:15:03,85,93,338,638
2023-11-28 12:15:03,85,93,338,638
2023-11-28 12:15:04,85,91,338,638
2023-11-28 12:15:04,85,90,338,638
2023-11-28 12:16:04,85,91,338,638
2023-11-28 12:16:05,85,92,338,638
2023-11-28 12:16:05,85,91,338,638
2023-11-28 12:16:05,85,90,338,638
2023-11-28 12:17:05,85,91,338,638
2023-11-28 12:17:06,85,92,338,638
2023-11-28 12:17:06,85,90,338,638
2023-11-28 12:18:06,85,92,338,638
2023-11-28 12:18:06,84,94,338,638
2023-11-28 12:18:06,84,92,338,638
2023-11-28 12:18:06,84,91,338,638
2023-11-28 12:18:06,84,90,338,638
2023-11-28 12:18:14,84,94,338,638
2023-11-28 12:18:14,0,94,338,638
2023-11-28 12:18:14,80,94,338,638
2023-11-28 12:18:14,81,94,338,638
2023-11-28 12:18:14,83,94,338,638
2023-11-28 12:18:14,83,91,338,638
2023-11-28 12:18:14,83,89,338,638
2023-11-28 12:18:14,84,89,338,638
2023-11-28 12:18:31,84,90,513,813
2023-11-28 12:18:59,84,94,513,813
2023-11-28 12:18:59,84,92,513,813
2023-11-28 12:18:59,84,91,513,813
2023-11-28 12:18:59,84,90,513,813
2023-11-28 12:19:30,84,91,513,813
2023-11-28 12:19:30,84,90,513,813
2023-11-28 12:19:30,84,89,513,813
2023-11-28 12:19:30,81,89,513,813
2023-11-28 12:19:31,78,89,513,813
2023-11-28 12:19:33,80,89,513,813
2023-11-28 12:19:35,80,91,513,813
2023-11-28 12:19:35,80,85,513,813
2023-11-28 12:19:35,79,85,513,813
2023-11-28 12:20:35,79,87,513,813
2023-11-28 12:20:36,79,91,513,813
2023-11-28 12:20:36,79,89,513,813
2023-11-28 12:20:36,79,87,513,813
2023-11-28 12:21:22,78,87,513,813
2023-11-28 12:21:22,78,86,513,813
2023-11-28 12:21:54,79,86,513,813
2023-11-28 12:21:58,79,87,513,813
2023-11-28 12:21:58,79,86,513,813
2023-11-28 12:21:58,79,84,513,813
2023-11-28 12:22:04,79,100,513,813
2023-11-28 12:22:04,79,86,513,813
2023-11-28 12:23:04,79,88,513,813
2023-11-28 12:23:05,79,86,513,813
2023-11-28 12:24:05,79,88,513,813
2023-11-28 12:24:06,79,87,513,813
2023-11-28 12:25:06,77,87,513,813
2023-11-28 12:25:07,75,89,513,813
2023-11-28 12:25:07,77,89,513,813
2023-11-28 12:25:07,79,89,513,813
2023-11-28 12:25:07,79,87,513,813
2023-11-28 12:25:11,80,87,513,813
2023-11-28 12:25:46,80,89,513,813
2023-11-28 12:25:46,80,86,513,813
2023-11-28 12:26:04,80,89,513,813
2023-11-28 12:26:04,80,87,513,813
2023-11-28 12:26:51,79,87,513,813
2023-11-28 12:26:55,80,87,513,813
2023-11-28 12:27:05,80,89,513,813
2023-11-28 12:27:05,80,87,513,813
2023-11-28 12:27:27,79,87,513,813
2023-11-28 12:27:27,79,89,513,813
2023-11-28 12:27:27,0,89,513,813
2023-11-28 12:27:27,78,89,513,813
2023-11-28 12:27:27,78,87,513,813
2023-11-28 12:27:27,78,85,513,813
2023-11-28 12:28:06,78,86,513,813
2023-11-28 12:28:06,78,84,513,813
2023-11-28 12:28:21,76,84,513,813
2023-11-28 12:28:23,77,84,513,813
2023-11-28 12:28:31,76,84,513,813
2023-11-28 12:28:43,77,84,513,813
2023-11-28 12:29:06,77,86,513,813
2023-11-28 12:29:07,77,83,513,813
2023-11-28 12:30:07,77,85,513,813
2023-11-28 12:30:08,77,83,513,813
2023-11-28 12:30:13,77,87,513,813
2023-11-28 12:30:13,76,87,513,813
2023-11-28 12:30:13,71,87,513,813
2023-11-28 12:30:13,68,87,513,813
2023-11-28 12:30:13,0,87,513,813
2023-11-28 12:30:13,74,87,513,813
2023-11-28 12:30:13,74,84,513,813
2023-11-28 12:30:13,74,82,513,813
2023-11-28 12:30:29,74,87,513,813
2023-11-28 12:30:29,74,83,513,813
2023-11-28 12:30:29,74,82,513,813
2023-11-28 12:30:29,74,80,513,813
2023-11-28 12:30:30,72,80,513,813
2023-11-28 12:30:35,72,87,513,813
2023-11-28 12:30:35,0,87,513,813
2023-11-28 12:30:35,71,87,513,813
2023-11-28 12:30:35,71,78,513,813
2023-11-28 12:30:39,71,87,513,813
2023-11-28 12:30:39,0,87,513,813
2023-11-28 12:30:39,65,87,513,813
2023-11-28 12:30:39,69,87,513,813
2023-11-28 12:30:39,69,79,513,813
2023-11-28 12:30:39,69,77,513,813
2023-11-28 12:30:40,69,87,513,813
2023-11-28 12:30:40,0,87,513,813
2023-11-28 12:30:40,67,87,513,813
2023-11-28 12:30:40,67,79,513,813
2023-11-28 12:30:40,67,75,513,813
2023-11-28 12:30:45,67,87,513,813
2023-11-28 12:30:45,0,87,513,813
2023-11-28 12:30:45,63,87,513,813
2023-11-28 12:30:45,63,75,513,813
2023-11-28 12:30:45,63,73,513,813
2023-11-28 12:30:46,63,87,513,813
2023-11-28 12:30:46,0,87,513,813
2023-11-28 12:30:46,61,87,513,813
2023-11-28 12:30:46,61,73,513,813
2023-11-28 12:30:46,61,72,513,813
2023-11-28 12:30:48,61,87,513,813
2023-11-28 12:30:48,59,87,513,813
2023-11-28 12:30:48,60,87,513,813
2023-11-28 12:30:48,60,68,513,813
2023-11-28 12:31:08,59,68,513,813
2023-11-28 12:31:08,59,100,513,813
2023-11-28 12:31:08,60,100,513,813
2023-11-28 12:31:08,62,100,513,813
2023-11-28 12:31:08,62,70,513,813
2023-11-28 12:31:18,59,70,513,813
2023-11-28 12:31:18,59,100,513,813
2023-11-28 12:31:18,63,100,513,813
2023-11-28 12:31:18,63,72,513,813
2023-11-28 12:31:21,59,72,513,813
2023-11-28 12:31:21,59,100,513,813
2023-11-28 12:31:21,62,100,513,813
2023-11-28 12:31:21,64,100,513,813
2023-11-28 12:31:21,64,72,513,813
2023-11-28 12:31:29,59,72,513,813
2023-11-28 12:31:29,59,74,513,813
2023-11-28 12:31:29,66,74,513,813
2023-11-28 12:32:04,59,74,513,813
2023-11-28 12:32:04,59,100,513,813
2023-11-28 12:32:04,67,100,513,813
2023-11-28 12:32:04,67,79,513,813
2023-11-28 12:32:04,67,77,513,813
2023-11-28 12:32:04,67,75,513,813
2023-11-28 12:32:44,67,76,513,813
2023-11-28 12:32:44,0,76,513,813
2023-11-28 12:32:44,64,76,513,813
2023-11-28 12:32:44,66,76,513,813
2023-11-28 12:32:44,66,74,513,813
2023-11-28 12:33:44,66,76,513,813
2023-11-28 12:33:45,66,74,513,813
2023-11-28 12:33:56,66,76,513,813
2023-11-28 12:33:56,66,75,513,813
2023-11-28 12:33:56,66,73,513,813
2023-11-28 12:33:57,65,73,513,813
2023-11-28 12:33:59,66,73,513,813
2023-11-28 12:34:02,65,73,513,813
2023-11-28 12:34:06,66,73,513,813
2023-11-28 12:34:23,65,73,513,813
2023-11-28 12:34:26,66,73,513,813
2023-11-28 12:34:31,66,75,513,813
2023-11-28 12:34:31,66,74,513,813
2023-11-28 12:35:31,66,75,513,813
2023-11-28 12:35:32,66,74,513,813
2023-11-28 12:35:39,66,75,513,813
2023-11-28 12:35:39,66,73,513,813
2023-11-28 12:35:40,66,75,513,813
2023-11-28 12:35:40,66,74,513,813
2023-11-28 12:36:07,68,74,513,813
2023-11-28 12:36:40,68,76,513,813
2023-11-28 12:36:40,68,75,513,813
2023-11-28 12:36:42,68,77,513,813
2023-11-28 12:36:42,69,77,513,813
2023-11-28 12:36:59,68,77,513,813
2023-11-28 12:36:59,68,79,513,813
2023-11-28 12:36:59,70,79,513,813
2023-11-28 12:36:59,70,78,513,813
2023-11-28 12:37:10,68,78,513,813
2023-11-28 12:37:10,68,82,513,813
2023-11-28 12:37:10,70,82,513,813
2023-11-28 12:37:10,72,82,513,813
2023-11-28 12:37:10,72,80,513,813
2023-11-28 12:37:38,72,82,513,813
2023-11-28 12:37:38,0,82,513,813
2023-11-28 12:37:38,66,82,513,813
2023-11-28 12:37:38,68,82,513,813
2023-11-28 12:37:38,70,82,513,813
2023-11-28 12:37:38,70,80,513,813
2023-11-28 12:37:38,70,78,513,813
2023-11-28 12:37:43,72,78,513,813
2023-11-28 12:37:49,70,78,513,813
2023-11-28 12:38:38,70,82,513,813
2023-11-28 12:38:39,70,78,513,813
2023-11-28 12:39:05,70,80,513,813
2023-11-28 12:39:05,70,79,513,813
2023-11-28 12:39:05,70,77,513,813
2023-11-28 12:39:19,69,77,513,813
2023-11-28 12:39:24,70,77,513,813
2023-11-28 12:39:37,69,77,513,813
2023-11-28 12:40:05,69,80,513,813
2023-11-28 12:40:05,70,80,513,813
2023-11-28 12:40:05,70,78,513,813
2023-11-28 12:41:03,72,78,513,813
2023-11-28 12:41:05,72,80,513,813
2023-11-28 12:41:05,69,81,513,813
2023-11-28 12:41:05,66,81,513,813
2023-11-28 12:41:05,63,81,513,813
2023-11-28 12:41:05,0,81,513,813
2023-11-28 12:41:06,70,81,513,813
2023-11-28 12:41:06,70,80,513,813
2023-11-28 12:41:06,70,78,513,813
2023-11-28 12:41:07,71,78,513,813
2023-11-28 12:41:10,70,78,513,813
2023-11-28 12:41:23,72,78,513,813
2023-11-28 12:41:30,70,78,513,813
2023-11-28 12:41:32,71,78,513,813
2023-11-28 12:41:34,70,78,513,813
2023-11-28 12:41:42,72,78,513,813
2023-11-28 12:41:56,70,78,513,813
2023-11-28 12:42:06,70,80,513,813
2023-11-28 12:42:06,70,100,513,813
2023-11-28 12:42:06,70,81,513,813
2023-11-28 12:42:06,70,79,513,813
2023-11-28 12:42:06,70,77,513,813
2023-11-28 12:42:25,70,76,513,813
2023-11-28 12:42:26,68,76,513,813
2023-11-28 12:42:38,69,76,513,813
2023-11-28 12:42:42,68,76,513,813
2023-11-28 12:42:44,69,76,513,813
2023-11-28 12:42:47,68,76,513,813
2023-11-28 12:43:11,68,77,513,813
2023-11-28 12:43:11,67,77,513,813
2023-11-28 12:43:11,67,76,513,813
2023-11-28 12:43:11,67,74,513,813
2023-11-28 12:43:21,66,74,513,813
2023-11-28 12:43:36,67,74,513,813
2023-11-28 12:44:03,66,74,513,813
2023-11-28 12:44:10,66,75,513,813
2023-11-28 12:44:10,66,73,513,813
2023-11-28 12:44:22,65,73,513,813
2023-11-28 12:44:37,65,75,513,813
2023-11-28 12:44:37,65,74,513,813
2023-11-28 12:44:37,65,72,513,813
2023-11-28 12:44:38,64,72,513,813
2023-11-28 12:44:40,65,72,513,813
2023-11-28 12:45:01,65,75,513,813
2023-11-28 12:45:01,65,73,513,813
2023-11-28 12:46:01,65,74,513,813
2023-11-28 12:46:02,64,74,513,813
2023-11-28 12:46:02,66,74,513,813
2023-11-28 12:46:07,67,74,513,813
2023-11-28 12:46:09,66,74,513,813
2023-11-28 12:46:27,66,72,513,813
2023-11-28 12:47:27,64,72,513,813
2023-11-28 12:47:27,64,74,513,813
2023-11-28 12:47:27,0,75,513,813
2023-11-28 12:47:28,64,75,513,813
2023-11-28 12:47:28,64,72,513,813
2023-11-28 12:48:28,64,73,513,813
2023-11-28 12:48:29,64,73,513,813
2023-11-28 12:48:29,64,72,513,813
2023-11-28 12:48:40,63,72,513,813
2023-11-28 12:48:40,63,70,513,813
2023-11-28 12:49:11,62,70,513,813
2023-11-28 12:49:11,62,69,513,813
2023-11-28 12:49:47,62,72,513,813
2023-11-28 12:49:47,63,72,513,813
2023-11-28 12:49:47,63,70,513,813
2023-11-28 12:49:57,63,72,513,813
2023-11-28 12:49:57,62,72,513,813
2023-11-28 12:49:57,62,69,513,813
2023-11-28 12:50:07,62,72,513,813
2023-11-28 12:50:07,62,68,513,813
2023-11-28 12:50:08,60,68,513,813
2023-11-28 12:50:10,60,72,513,813
2023-11-28 12:50:10,55,72,513,813
2023-11-28 12:50:10,55,66,513,813
2023-11-28 12:50:11,55,72,513,813
2023-11-28 12:50:11,55,65,513,813
2023-11-28 12:50:11,55,63,513,813
2023-11-28 12:50:13,55,72,513,813
2023-11-28 12:50:13,55,63,513,813
2023-11-28 12:50:13,55,61,513,813
2023-11-28 12:50:14,53,61,513,813
2023-11-28 12:50:16,55,61,513,813
2023-11-28 12:50:18,55,72,513,813
2023-11-28 12:50:18,55,65,513,813
2023-11-28 12:50:18,55,62,513,813
2023-11-28 12:50:27,55,72,513,813
2023-11-28 12:50:27,56,72,513,813
2023-11-28 12:50:27,56,66,513,813
2023-11-28 12:50:27,56,64,513,813
2023-11-28 12:50:32,55,64,513,813
2023-11-28 12:50:32,55,72,513,813
2023-11-28 12:50:32,56,72,513,813
2023-11-28 12:50:32,56,65,513,813
2023-11-28 12:50:42,56,72,513,813
2023-11-28 12:50:42,55,72,513,813
2023-11-28 12:50:42,56,72,513,813
2023-11-28 12:50:42,56,68,513,813
2023-11-28 12:50:42,56,65,513,813
2023-11-28 12:50:42,56,63,513,813
2023-11-28 12:51:00,55,63,513,813
2023-11-28 12:51:00,55,72,513,813
2023-11-28 12:51:00,56,72,513,813
2023-11-28 12:51:00,56,67,513,813
2023-11-28 12:51:00,56,65,513,813
2023-11-28 12:51:42,55,65,513,813
2023-11-28 12:51:42,55,100,513,813
2023-11-28 12:51:42,56,100,513,813
2023-11-28 12:51:42,57,100,513,813
2023-11-28 12:51:42,57,70,513,813
2023-11-28 12:51:42,57,66,513,813
2023-11-28 12:51:47,55,66,513,813
2023-11-28 12:51:47,55,67,513,813
2023-11-28 12:51:47,60,67,513,813
2023-11-28 12:51:53,55,67,513,813
2023-11-28 12:51:53,55,100,513,813
2023-11-28 12:51:53,57,100,513,813
2023-11-28 12:51:53,61,100,513,813
2023-11-28 12:51:53,61,72,513,813
2023-11-28 12:51:53,61,69,513,813
2023-11-28 12:52:04,61,69,523,823
2023-11-28 12:52:06,0,69,523,823
2023-11-28 12:52:06,0,72,523,823
2023-11-28 12:52:06,60,72,523,823
2023-11-28 12:52:06,62,72,523,823
2023-11-28 12:52:06,62,70,523,823
2023-11-28 12:52:12,64,70,523,823
2023-11-28 12:52:20,62,70,523,823
2023-11-28 12:52:22,63,70,523,823
2023-11-28 12:52:28,63,72,523,823
2023-11-28 12:52:28,63,68,523,823
2023-11-28 12:52:29,61,68,523,823
2023-11-28 12:52:31,62,68,523,823
2023-11-28 12:52:33,61,68,523,823
2023-11-28 12:53:15,61,72,523,823
2023-11-28 12:53:15,62,72,523,823
2023-11-28 12:53:48,62,71,523,823
2023-11-28 12:54:01,61,71,523,823
2023-11-28 12:54:01,62,71,523,823
2023-11-28 12:54:01,62,69,523,823
2023-11-28 12:54:07,0,69,523,823
2023-11-28 12:54:07,0,100,523,823
2023-11-28 12:54:07,61,100,523,823
2023-11-28 12:54:07,63,100,523,823
2023-11-28 12:54:07,63,72,523,823
2023-11-28 12:54:08,64,72,523,823
2023-11-28 12:54:34,63,72,523,823
2023-11-28 12:55:07,63,73,523,823
2023-11-28 12:55:08,63,72,523,823
2023-11-28 12:56:08,63,73,523,823
2023-11-28 12:56:09,64,73,523,823
2023-11-28 12:56:09,64,72,523,823
2023-11-28 12:56:20,65,72,523,823
2023-11-28 12:57:09,65,74,523,823
2023-11-28 12:57:10,66,74,523,823
2023-11-28 12:57:10,66,73,523,823
2023-11-28 12:57:11,66,74,523,823
2023-11-28 12:57:11,65,74,523,823
2023-11-28 12:57:11,65,72,523,823
2023-11-28 12:57:13,65,74,523,823
2023-11-28 12:57:13,65,72,523,823
2023-11-28 12:57:13,65,70,523,823
2023-11-28 12:57:13,62,70,523,823
2023-11-28 12:58:13,62,72,523,823
2023-11-28 12:58:14,62,70,523,823
2023-11-28 12:58:42,62,74,523,823
2023-11-28 12:58:42,62,69,523,823
2023-11-28 12:59:05,62,100,523,823
2023-11-28 12:59:05,62,70,523,823
2023-11-28 12:59:21,62,71,523,823
2023-11-28 12:59:21,0,71,523,823
2023-11-28 12:59:21,61,71,523,823
2023-11-28 12:59:21,61,70,523,823
2023-11-28 12:59:21,61,68,523,823
2023-11-28 13:00:06,61,71,523,823
2023-11-28 13:00:07,58,71,523,823
2023-11-28 13:00:07,55,71,523,823
2023-11-28 13:00:07,52,71,523,823
2023-11-28 13:00:07,0,71,523,823
2023-11-28 13:00:10,54,71,523,823
2023-11-28 13:00:18,51,71,523,823
2023-11-28 13:00:18,48,71,523,823
2023-11-28 13:00:18,45,71,523,823
2023-11-28 13:00:18,0,71,523,823
2023-11-28 13:00:20,53,71,523,823
2023-11-28 13:00:34,53,77,523,823
2023-11-28 13:00:38,53,61,523,823
2023-11-28 13:00:50,54,61,523,823
2023-11-28 13:01:02,54,62,523,823
2023-11-28 13:01:05,61,62,523,823
2023-11-28 13:01:08,54,62,323,1023
2023-11-28 13:01:08,53,62,323,1023
2023-11-28 13:01:08,53,100,323,1023
2023-11-28 13:01:08,55,100,323,1023
2023-11-28 13:01:08,55,68,323,1023
2023-11-28 13:01:08,55,63,323,1023
2023-11-28 13:01:16,53,63,323,1023
2023-11-28 13:01:16,53,65,323,1023
2023-11-28 13:01:16,54,65,323,1023
2023-11-28 13:01:16,56,65,323,1023
2023-11-28 13:02:12,56,68,323,1023
2023-11-28 13:02:12,53,68,323,1023
2023-11-28 13:02:15,50,68,323,1023
2023-11-28 13:02:15,47,68,323,1023
2023-11-28 13:02:15,44,68,323,1023
2023-11-28 13:02:15,0,68,323,1023
2023-11-28 13:02:18,35,68,323,1023
2023-11-28 13:02:24,32,68,323,1023
2023-11-28 13:02:24,29,68,323,1023
2023-11-28 13:02:24,26,68,323,1023
2023-11-28 13:02:25,0,68,323,1023
2023-11-28 13:02:47,35,68,323,1023
2023-11-28 13:03:26,35,71,323,1023
2023-11-28 13:03:38,35,41,323,1023
2023-11-28 13:03:40,35,44,323,1023
2023-11-28 13:03:40,35,47,323,1023
2023-11-28 13:03:40,35,50,323,1023
2023-11-28 13:03:40,35,100,323,1023
2023-11-28 13:03:43,35,43,323,1023
2023-11-28 13:03:46,32,43,323,1023
2023-11-28 13:03:46,29,43,323,1023
2023-11-28 13:03:46,26,43,323,1023
2023-11-28 13:03:46,0,43,323,1023
2023-11-28 13:03:49,32,43,323,1023
2023-11-28 13:03:57,29,43,323,1023
2023-11-28 13:03:57,26,43,323,1023
2023-11-28 13:03:57,23,43,323,1023
2023-11-28 13:03:57,0,43,323,1023
2023-11-28 13:04:07,29,43,323,1023
2023-11-28 13:04:57,29,46,323,1023
2023-11-28 13:04:57,29,49,323,1023
2023-11-28 13:04:57,29,52,323,1023
2023-11-28 13:04:57,29,100,323,1023
2023-11-28 13:05:00,29,45,323,1023
2023-11-28 13:05:08,29,48,323,1023
2023-11-28 13:05:08,29,51,323,1023
2023-11-28 13:05:08,29,54,323,1023
2023-11-28 13:05:08,29,100,323,1023
2023-11-28 13:05:10,29,49,323,1023
2023-11-28 13:05:15,29,52,323,1023
2023-11-28 13:05:15,29,55,323,1023
2023-11-28 13:05:15,29,58,323,1023
2023-11-28 13:05:15,29,100,323,1023
2023-11-28 13:05:18,29,52,323,1023
2023-11-28 13:05:20,29,55,323,1023
2023-11-28 13:05:20,29,58,323,1023
2023-11-28 13:05:20,29,61,323,1023
2023-11-28 13:05:20,29,100,323,1023
2023-11-28 13:05:33,29,52,323,1023
2023-11-28 13:05:40,23,52,323,1023
2023-11-28 13:05:56,43,52,323,1023
2023-11-28 13:06:59,50,52,323,1023
2023-11-28 13:07:00,43,52,156,1223
2023-11-28 13:07:14,43,55,156,1223
2023-11-28 13:07:14,43,58,156,1223
2023-11-28 13:07:14,43,61,156,1223
2023-11-28 13:07:14,43,100,156,1223
2023-11-28 13:07:16,43,52,156,1223
2023-11-28 13:07:26,43,51,156,1223
2023-11-28 13:07:31,43,52,156,1223
2023-11-28 13:07:31,45,52,156,1223
2023-11-28 13:07:36,45,53,156,1223
2023-11-28 13:07:39,43,53,156,1223
2023-11-28 13:07:39,46,53,156,1223
2023-11-28 13:07:40,46,54,156,1223
2023-11-28 13:07:44,46,53,156,1223
2023-11-28 13:07:46,0,53,156,1223
2023-11-28 13:07:46,45,53,156,1223
2023-11-28 13:07:58,45,51,156,1223
2023-11-28 13:07:59,44,51,156,1223
2023-11-28 13:08:03,44,53,156,1223
2023-11-28 13:08:03,43,53,156,1223
2023-11-28 13:08:03,43,50,156,1223
2023-11-28 13:08:41,43,53,156,1223
2023-11-28 13:08:58,43,51,156,1223
2023-11-28 13:09:02,41,51,156,1223
2023-11-28 13:09:12,42,51,156,1223
2023-11-28 13:09:38,42,50,156,1223
2023-11-28 13:10:07,41,50,156,1223
2023-11-28 13:10:10,0,50,156,1223
2023-11-28 13:10:10,37,50,156,1223
2023-11-28 13:10:10,40,50,156,1223
2023-11-28 13:10:13,0,50,156,1223
2023-11-28 13:10:13,35,50,156,1223
2023-11-28 13:10:13,38,50,156,1223
2023-11-28 13:10:13,38,48,156,1223
2023-11-28 13:10:45,39,48,156,1223
2023-11-28 13:11:05,38,48,156,1223
2023-11-28 13:11:07,38,50,156,1223
2023-11-28 13:11:07,0,50,156,1223
2023-11-28 13:11:07,32,50,156,1223
2023-11-28 13:11:07,35,50,156,1223
2023-11-28 13:11:07,37,50,156,1223
2023-11-28 13:11:07,37,47,156,1223
2023-11-28 13:11:33,37,45,156,1223
2023-11-28 13:12:00,36,45,156,1223
2023-11-28 13:12:02,35,45,156,1223
2023-11-28 13:12:03,0,45,156,1223
2023-11-28 13:12:03,30,45,156,1223
2023-11-28 13:12:03,34,45,156,1223
2023-11-28 13:12:03,34,44,156,1223
2023-11-28 13:12:13,35,44,156,1223
2023-11-28 13:12:25,35,45,156,1223
2023-11-28 13:12:38,35,44,156,1223
2023-11-28 13:12:40,34,44,156,1223
2023-11-28 13:12:45,34,45,156,1223
2023-11-28 13:12:45,0,45,156,1223
2023-11-28 13:12:45,31,45,156,1223
2023-11-28 13:12:45,33,45,156,1223
2023-11-28 13:12:45,33,44,156,1223
2023-11-28 13:12:52,34,44,156,1223
2023-11-28 13:12:54,33,44,156,1223
2023-11-28 13:13:02,33,40,156,1223
2023-11-28 13:13:11,0,40,156,1223
2023-11-28 13:13:11,28,40,156,1223
2023-11-28 13:13:11,32,40,156,1223
2023-11-28 13:13:17,0,40,156,1223
2023-11-28 13:13:17,31,40,156,1223
2023-11-28 13:13:17,33,40,156,1223
2023-11-28 13:13:20,34,40,156,1223
2023-11-28 13:13:26,33,40,156,1223
2023-11-28 13:13:35,33,43,156,1223
2023-11-28 13:13:35,33,44,156,1223
2023-11-28 13:13:38,36,44,156,1223
2023-11-28 13:13:38,36,43,156,1223
2023-11-28 13:13:41,33,43,156,1223
2023-11-28 13:13:43,34,43,156,1223
2023-11-28 13:13:50,0,43,156,1223
2023-11-28 13:13:50,36,43,156,1223
2023-11-28 13:13:59,0,43,156,1223
2023-11-28 13:13:59,31,43,156,1223
2023-11-28 13:13:59,34,43,156,1223
2023-11-28 13:14:04,33,43,156,1223
2023-11-28 13:14:12,0,43,156,1223
2023-11-28 13:14:12,30,43,156,1223
2023-11-28 13:14:12,32,43,156,1223
2023-11-28 13:14:12,32,41,156,1223
2023-11-28 13:14:16,32,43,156,1223
2023-11-28 13:14:16,31,43,156,1223
2023-11-28 13:14:16,31,40,156,1223
2023-11-28 13:14:17,30,40,156,1223
2023-11-28 13:14:29,30,43,156,1223
2023-11-28 13:14:29,0,43,156,1223
2023-11-28 13:14:29,25,43,156,1223
2023-11-28 13:14:29,27,43,156,1223
2023-11-28 13:14:29,28,43,156,1223
2023-11-28 13:14:29,28,39,156,1223
2023-11-28 13:14:35,28,43,156,1223
2023-11-28 13:14:35,0,43,156,1223
2023-11-28 13:14:35,26,43,156,1223
2023-11-28 13:14:35,28,43,156,1223
2023-11-28 13:14:35,28,37,156,1223
2023-11-28 13:14:37,28,43,156,1223
2023-11-28 13:14:37,0,43,156,1223
2023-11-28 13:14:37,24,43,156,1223
2023-11-28 13:14:37,26,43,156,1223
2023-11-28 13:14:37,26,36,156,1223
2023-11-28 13:14:55,24,36,156,1223
2023-11-28 13:14:55,24,43,156,1223
2023-11-28 13:14:55,26,43,156,1223
2023-11-28 13:14:55,28,43,156,1223
2023-11-28 13:14:55,28,38,156,1223
2023-11-28 13:14:59,24,38,156,1223
2023-11-28 13:14:59,24,43,156,1223
2023-11-28 13:14:59,27,43,156,1223
2023-11-28 13:14:59,28,43,156,1223
2023-11-28 13:14:59,28,41,156,1223
2023-11-28 13:14:59,28,39,156,1223
2023-11-28 13:15:14,28,100,156,1223
2023-11-28 13:15:14,24,100,156,1223
2023-11-28 13:15:14,28,100,156,1223
2023-11-28 13:15:14,28,38,156,1223
2023-11-28 13:15:24,28,35,156,1223
2023-11-28 13:15:33,24,35,156,1223
2023-11-28 13:15:33,27,35,156,1223
2023-11-28 13:15:46,24,35,156,1223
2023-11-28 13:15:46,25,35,156,1223
2023-11-28 13:15:52,0,35,156,1223
2023-11-28 13:15:52,20,35,156,1223
2023-11-28 13:15:52,22,35,156,1223
2023-11-28 13:15:52,24,35,156,1223
2023-11-28 13:15:52,24,33,156,1223
2023-11-28 13:16:52,24,35,156,1223
2023-11-28 13:16:53,24,35,156,1223
2023-11-28 13:16:53,24,34,156,1223
2023-11-28 13:16:59,23,34,156,1223
2023-11-28 13:16:59,23,100,156,1223
2023-11-28 13:16:59,26,100,156,1223
2023-11-28 13:16:59,26,37,156,1223
2023-11-28 13:16:59,26,35,156,1223
2023-11-28 13:17:09,23,35,156,1223
2023-11-28 13:17:09,25,35,156,1223
2023-11-28 13:17:09,27,35,156,1223
2023-11-28 13:17:17,29,35,156,1223
2023-11-28 13:17:19,29,37,156,1223
2023-11-28 13:17:20,29,100,156,1223
2023-11-28 13:17:20,29,40,156,1223
2023-11-28 13:17:20,29,38,156,1223
2023-11-28 13:17:22,29,37,156,1223
2023-11-28 13:17:33,29,38,156,1223
2023-11-28 13:17:33,29,100,156,1223
2023-11-28 13:17:33,30,100,156,1223
2023-11-28 13:17:33,30,45,156,1223
2023-11-28 13:17:33,30,40,156,1223
2023-11-28 13:17:35,30,39,156,1223
2023-11-28 13:17:40,30,40,156,1223
2023-11-28 13:17:53,30,37,156,1223
2023-11-28 13:17:59,29,37,156,1223
2023-11-28 13:18:11,28,37,156,1223
2023-11-28 13:18:39,28,39,156,1223
2023-11-28 13:18:42,28,100,156,1223
2023-11-28 13:18:42,30,100,156,1223
2023-11-28 13:18:42,30,40,156,1223
2023-11-28 13:18:53,30,39,156,1223
2023-11-28 13:18:58,28,39,156,1223
2023-11-28 13:18:58,30,39,156,1223
2023-11-28 13:18:58,32,39,156,1223
2023-11-28 13:18:58,32,41,156,1223
2023-11-28 13:19:13,28,41,156,1223
2023-11-28 13:19:13,33,41,156,1223
2023-11-28 13:19:25,28,41,156,1223
2023-11-28 13:19:25,32,41,156,1223
2023-11-28 13:19:36,28,41,156,1223
2023-11-28 13:19:36,31,41,156,1223
2023-11-28 13:19:36,33,41,156,1223
2023-11-28 13:19:50,33,44,156,1223
2023-11-28 13:20:02,0,44,156,1223
2023-11-28 13:20:02,0,100,156,1223
2023-11-28 13:20:02,28,100,156,1223
2023-11-28 13:20:02,31,100,156,1223
2023-11-28 13:20:02,34,100,156,1223
2023-11-28 13:20:02,34,44,156,1223
2023-11-28 13:20:04,34,42,156,1223
2023-11-28 13:20:05,0,42,156,1223
2023-11-28 13:20:05,31,42,156,1223
2023-11-28 13:20:05,34,42,156,1223
2023-11-28 13:20:05,36,42,156,1223
2023-11-28 13:20:07,38,42,156,1223
2023-11-28 13:20:07,38,45,156,1223
2023-11-28 13:20:07,38,46,156,1223
2023-11-28 13:20:09,38,100,156,1223
2023-11-28 13:20:09,38,50,156,1223
2023-11-28 13:20:09,38,47,156,1223
2023-11-28 13:20:10,38,45,156,1223
2023-11-28 13:20:12,38,47,156,1223
2023-11-28 13:20:15,38,46,156,1223
2023-11-28 13:20:18,38,47,156,1223
2023-11-28 13:20:24,38,100,156,1223
2023-11-28 13:20:24,38,51,156,1223
2023-11-28 13:20:24,38,48,156,1223
2023-11-28 13:20:49,38,45,156,1223
2023-11-28 13:20:53,38,48,156,1223
2023-11-28 13:20:55,38,46,156,1223
2023-11-28 13:20:59,38,48,156,1223
2023-11-28 13:21:01,38,46,156,1223
2023-11-28 13:21:20,37,46,156,1223
2023-11-28 13:21:23,38,46,156,1223
2023-11-28 13:21:29,37,46,156,1223
2023-11-28 13:21:35,0,46,156,1223
2023-11-28 13:21:35,31,46,156,1223
2023-11-28 13:21:35,36,46,156,1223
2023-11-28 13:22:35,35,46,156,1223
2023-11-28 13:22:36,36,46,156,1223
2023-11-28 13:22:56,36,43,156,1223
2023-11-28 13:22:59,35,43,156,1223
2023-11-28 13:23:47,35,45,156,1223
2023-11-28 13:23:49,35,44,156,1223
2023-11-28 13:23:59,34,44,156,1223
2023-11-28 13:24:28,33,44,156,1223
2023-11-28 13:24:43,32,44,156,1223
2023-11-28 13:24:43,32,43,156,1223
2023-11-28 13:25:22,32,40,156,1223
2023-11-28 13:25:43,31,40,156,1223
2023-11-28 13:25:44,32,40,156,1223
2023-11-28 13:26:05,32,43,156,1223
2023-11-28 13:26:05,31,43,156,1223
2023-11-28 13:26:05,31,100,156,1223
2023-11-28 13:26:05,33,100,156,1223
2023-11-28 13:26:05,33,45,156,1223
2023-11-28 13:26:05,33,44,156,1223
2023-11-28 13:26:07,33,42,156,1223
2023-11-28 13:26:27,34,42,156,1223
2023-11-28 13:26:31,33,42,156,1223
2023-11-28 13:26:42,34,42,156,1223
2023-11-28 13:26:44,35,42,156,1223
2023-11-28 13:26:59,35,44,156,1223
2023-11-28 13:27:02,35,43,156,1223
2023-11-28 13:27:10,34,43,156,1223
2023-11-28 13:27:10,36,43,156,1223
2023-11-28 13:27:11,36,46,156,1223
2023-11-28 13:27:21,34,46,156,1223
2023-11-28 13:27:21,34,100,156,1223
2023-11-28 13:27:21,37,100,156,1223
2023-11-28 13:27:21,37,47,156,1223
2023-11-28 13:27:25,37,45,156,1223
2023-11-28 13:27:27,34,45,156,1223
2023-11-28 13:27:27,36,45,156,1223
2023-11-28 13:27:27,39,45,156,1223
2023-11-28 13:27:28,39,48,156,1223
2023-11-28 13:27:28,39,50,156,1223
2023-11-28 13:27:30,34,50,156,1223
2023-11-28 13:27:30,34,100,156,1223
2023-11-28 13:27:30,39,100,156,1223
2023-11-28 13:27:30,41,100,156,1223
2023-11-28 13:27:30,41,51,156,1223
2023-11-28 13:27:31,41,49,156,1223
2023-11-28 13:27:56,39,49,156,1323
2023-11-28 13:28:17,0,49,156,1323
2023-11-28 13:28:17,42,49,156,1323
2023-11-28 13:28:20,43,49,156,1323
2023-11-28 13:28:22,43,52,156,1323
2023-11-28 13:28:24,43,50,156,1323
2023-11-28 13:28:26,44,50,156,1323
2023-11-28 13:28:39,43,50,156,1323
2023-11-28 13:28:39,46,50,156,1323
2023-11-28 13:28:40,46,53,156,1323
2023-11-28 13:28:40,46,56,156,1323
2023-11-28 13:28:42,46,55,156,1323
2023-11-28 13:28:47,43,55,156,1323
2023-11-28 13:28:47,44,55,156,1323
2023-11-28 13:28:47,47,55,156,1323
2023-11-28 13:29:13,43,55,156,1323
2023-11-28 13:29:13,46,55,156,1323
2023-11-28 13:29:13,49,55,156,1323
2023-11-28 13:29:13,49,58,156,1323
2023-11-28 13:29:13,49,59,156,1323
2023-11-28 13:29:17,49,57,156,1323
2023-11-28 13:29:22,49,59,156,1323
2023-11-28 13:29:40,43,59,156,1323
2023-11-28 13:29:40,43,100,156,1323
2023-11-28 13:29:40,50,100,156,1323
2023-11-28 13:29:40,50,63,156,1323
2023-11-28 13:29:40,50,60,156,1323
2023-11-28 13:29:41,50,56,156,1323
2023-11-28 13:29:43,50,59,156,1323
2023-11-28 13:29:43,50,60,156,1323
2023-11-28 13:29:45,50,57,156,1323
2023-11-28 13:29:46,43,57,156,1323
2023-11-28 13:29:46,46,57,156,1323
2023-11-28 13:29:46,49,57,156,1323
2023-11-28 13:30:11,49,59,156,1323
2023-11-28 13:30:14,49,57,156,1323
2023-11-28 13:30:16,51,57,156,1323
2023-11-28 13:30:18,49,57,156,1323
2023-11-28 13:30:29,47,57,156,1323
2023-11-28 13:30:37,0,57,156,1323
2023-11-28 13:30:37,42,57,156,1323
2023-11-28 13:30:37,45,57,156,1323
2023-11-28 13:30:37,45,55,156,1323
2023-11-28 13:30:43,46,55,156,1323
2023-11-28 13:31:02,45,55,156,1323
2023-11-28 13:31:21,45,57,156,1323
2023-11-28 13:31:21,47,57,156,1323
2023-11-28 13:31:34,45,57,156,1323
2023-11-28 13:31:34,45,55,156,1323
2023-11-28 13:31:50,45,52,156,1323
2023-11-28 13:31:52,45,55,156,1323
2023-11-28 13:31:53,45,100,156,1323
2023-11-28 13:31:53,47,100,156,1323
2023-11-28 13:31:53,47,62,156,1323
2023-11-28 13:31:53,47,57,156,1323
2023-11-28 13:31:56,47,55,156,1323
2023-11-28 13:32:27,47,57,156,1323
2023-11-28 13:32:28,45,57,156,1323
2023-11-28 13:32:28,45,100,156,1323
2023-11-28 13:32:28,48,100,156,1323
2023-11-28 13:32:28,48,63,156,1323
2023-11-28 13:32:28,48,61,156,1323
2023-11-28 13:32:28,48,58,156,1323
2023-11-28 13:32:29,48,57,156,1323
2023-11-28 13:32:42,51,57,156,1323
2023-11-28 13:32:46,51,59,156,1323
2023-11-28 13:33:00,50,59,156,1323
2023-11-28 13:33:01,50,56,156,1323
2023-11-28 13:33:05,48,56,156,1323
2023-11-28 13:33:18,50,56,156,1323
2023-11-28 13:33:20,50,58,156,1323
2023-11-28 13:33:22,50,57,156,1323
2023-11-28 13:33:25,50,58,156,1323
2023-11-28 13:33:59,48,58,156,1323
2023-11-28 13:34:01,49,58,156,1323
2023-11-28 13:34:39,49,59,156,1323
2023-11-28 13:34:41,49,58,156,1323
2023-11-28 13:35:27,49,59,156,1323
2023-11-28 13:35:29,49,58,156,1323
2023-11-28 13:35:43,49,59,156,1323
2023-11-28 13:35:52,49,58,156,1323
2023-11-28 13:36:00,51,58,156,1323
2023-11-28 13:36:21,49,58,156,1323
2023-11-28 13:36:25,46,58,156,1323
2023-11-28 13:36:26,44,58,156,1323
2023-11-28 13:36:26,46,58,156,1323
2023-11-28 13:36:26,49,58,156,1323
2023-11-28 13:36:33,51,58,156,1323
2023-11-28 13:36:40,51,59,156,1323
2023-11-28 13:36:40,51,100,156,1323
2023-11-28 13:36:40,51,60,156,1323
2023-11-28 13:37:01,51,61,156,1323
2023-11-28 13:37:01,51,59,156,1323
2023-11-28 13:37:02,49,59,156,1323
2023-11-28 13:37:04,49,61,156,1323
2023-11-28 13:37:04,0,61,156,1323
2023-11-28 13:37:04,46,61,156,1323
2023-11-28 13:37:04,48,61,156,1323
2023-11-28 13:37:04,48,58,156,1323
2023-11-28 13:37:04,50,58,156,1323
2023-11-28 13:37:06,48,58,156,1323
2023-11-28 13:37:10,48,61,156,1323
2023-11-28 13:37:10,0,61,156,1323
2023-11-28 13:37:10,41,61,156,1323
2023-11-28 13:37:10,46,61,156,1323
2023-11-28 13:37:10,46,59,156,1323
2023-11-28 13:37:10,46,56,156,1323
2023-11-28 13:37:17,49,56,156,1323
2023-11-28 13:37:24,49,61,156,1323
2023-11-28 13:37:24,49,60,156,1323
2023-11-28 13:37:24,49,57,156,1323
2023-11-28 13:37:42,49,61,156,1323
2023-11-28 13:37:42,49,59,156,1323
2023-11-28 13:37:42,49,56,156,1323
2023-11-28 13:37:43,46,56,156,1323
2023-11-28 13:37:51,46,61,156,1323
2023-11-28 13:37:51,46,54,156,1323
2023-11-28 13:38:03,46,61,156,1323
2023-11-28 13:38:03,46,58,156,1323
2023-11-28 13:38:03,46,55,156,1323
2023-11-28 13:38:07,46,61,156,1323
2023-11-28 13:38:07,47,61,156,1323
2023-11-28 13:38:07,47,60,156,1323
2023-11-28 13:38:07,47,57,156,1323
2023-11-28 13:38:15,47,56,156,1323
2023-11-28 13:38:21,47,57,156,1323
2023-11-28 13:38:29,47,55,156,1323
2023-11-28 13:38:37,47,57,156,1323
2023-11-28 13:38:39,47,56,156,1323
2023-11-28 13:38:41,47,57,156,1323
2023-11-28 13:38:44,47,56,156,1323
2023-11-28 13:38:49,47,57,156,1323
2023-11-28 13:38:58,47,100,156,1323
2023-11-28 13:38:58,46,100,156,1323
2023-11-28 13:38:58,46,58,156,1323
2023-11-28 13:38:58,46,55,156,1323
2023-11-28 13:39:00,46,53,156,1323
2023-11-28 13:39:19,46,54,156,1323
2023-11-28 13:39:20,46,100,156,1323
2023-11-28 13:39:20,46,59,156,1323
2023-11-28 13:39:20,46,56,156,1323
2023-11-28 13:39:22,46,55,156,1323
2023-11-28 13:39:24,46,56,156,1323
2023-11-28 13:39:31,46,55,156,1323
2023-11-28 13:39:33,50,55,156,1323
2023-11-28 13:39:34,50,56,156,1323
2023-11-28 13:39:36,47,56,156,1323
2023-11-28 13:39:36,46,56,156,1323
2023-11-28 13:39:37,46,55,156,1323
2023-11-28 13:39:39,49,55,156,1323
2023-11-28 13:39:41,46,55,156,1323
2023-11-28 13:39:50,46,56,156,1323
2023-11-28 13:39:50,0,56,156,1323
2023-11-28 13:39:50,0,100,156,1323
2023-11-28 13:39:50,47,100,156,1323
2023-11-28 13:39:50,47,59,156,1323
2023-11-28 13:39:50,47,57,156,1323
2023-11-28 13:39:52,50,57,156,1323
2023-11-28 13:39:53,50,56,156,1323
2023-11-28 13:39:58,50,57,156,1323
2023-11-28 13:40:00,50,56,156,1323
2023-11-28 13:40:11,50,57,156,1323
2023-11-28 13:40:13,50,56,156,1323
2023-11-28 13:40:31,47,56,156,1323
2023-11-28 13:40:33,49,56,156,1323
2023-11-28 13:40:37,47,56,156,1323
2023-11-28 13:40:39,49,56,156,1323
2023-11-28 13:40:59,47,56,156,1323
2023-11-28 13:41:01,48,56,156,1323
2023-11-28 13:41:15,48,55,156,1323
2023-11-28 13:41:20,45,55,156,1323
2023-11-28 13:41:22,47,55,156,1323
2023-11-28 13:41:34,47,56,156,1323
2023-11-28 13:41:39,47,57,156,1323
2023-11-28 13:41:41,49,57,156,1323
2023-11-28 13:41:43,49,59,156,1323
2023-11-28 13:41:57,49,56,156,1323
2023-11-28 13:42:00,49,59,156,1323
2023-11-28 13:42:03,49,58,156,1323
2023-11-28 13:42:09,47,58,156,1323
2023-11-28 13:42:09,47,57,156,1323
2023-11-28 13:43:09,44,57,156,1323
2023-11-28 13:43:10,48,58,156,1323
2023-11-28 13:43:10,48,57,156,1323
2023-11-28 13:43:16,51,57,156,1323
2023-11-28 13:43:20,51,58,156,1323
2023-11-28 13:43:22,51,59,156,1323
2023-11-28 13:43:24,51,100,156,1323
2023-11-28 13:43:24,51,63,156,1323
2023-11-28 13:43:24,51,60,156,1323
2023-11-28 13:43:38,51,61,156,1323
2023-11-28 13:43:38,52,61,156,1323
2023-11-28 13:43:43,52,62,156,1323
2023-11-28 13:43:53,52,61,156,1323
2023-11-28 13:43:57,52,62,156,1323
2023-11-28 13:44:26,52,63,156,1323
2023-11-28 13:44:26,51,63,156,1323
2023-11-28 13:44:26,51,62,156,1323
2023-11-28 13:44:26,51,60,156,1323
2023-11-28 13:44:46,50,60,156,1323
2023-11-28 13:44:50,50,63,156,1323
2023-11-28 13:44:50,0,63,156,1323
2023-11-28 13:44:50,49,63,156,1323
2023-11-28 13:44:50,49,59,156,1323
2023-11-28 13:44:52,52,59,156,1323
2023-11-28 13:44:54,49,59,156,1323
2023-11-28 13:44:54,49,63,156,1323
2023-11-28 13:44:54,0,63,156,1323
2023-11-28 13:44:54,45,63,156,1323
2023-11-28 13:44:54,48,63,156,1323
2023-11-28 13:44:54,48,61,156,1323
2023-11-28 13:44:54,48,58,156,1323
2023-11-28 13:44:56,50,58,156,1323
2023-11-28 13:44:58,48,58,156,1323
2023-11-28 13:45:06,0,58,156,1323
2023-11-28 13:45:06,0,63,156,1323
2023-11-28 13:45:06,46,63,156,1323
2023-11-28 13:45:06,49,63,156,1323
2023-11-28 13:45:06,49,62,156,1323
2023-11-28 13:45:06,49,59,156,1323
2023-11-28 13:45:10,52,59,156,1323
2023-11-28 13:45:46,52,63,156,1323
2023-11-28 13:45:46,52,60,156,1323
2023-11-28 13:46:10,52,63,156,1323
2023-11-28 13:46:10,52,62,156,1323
2023-11-28 13:46:10,52,59,156,1323
2023-11-28 13:46:20,52,63,156,1323
2023-11-28 13:46:20,52,60,156,1323
2023-11-28 13:46:40,50,60,156,1323
2023-11-28 13:46:48,51,60,156,1323
2023-11-28 13:47:02,51,63,156,1323
2023-11-28 13:47:02,51,58,156,1323
2023-11-28 13:47:11,51,63,156,1323
2023-11-28 13:47:11,51,57,156,1323
2023-11-28 13:47:12,48,57,156,1323
2023-11-28 13:47:12,47,57,156,1323
2023-11-28 13:47:14,51,57,156,1323
2023-11-28 13:47:19,51,63,156,1323
2023-11-28 13:47:19,51,61,156,1323
2023-11-28 13:47:19,51,58,156,1323
2023-11-28 13:47:52,51,100,156,1323
2023-11-28 13:47:52,51,60,156,1323
2023-11-28 13:48:03,51,61,156,1323
2023-11-28 13:48:11,51,63,156,1323
2023-11-28 13:48:11,52,63,156,1323
2023-11-28 13:48:11,52,62,156,1323
2023-11-28 13:48:29,51,62,156,1323
2023-11-28 13:48:29,51,65,156,1323
2023-11-28 13:48:29,54,65,156,1323
2023-11-28 13:48:29,54,64,156,1323
2023-11-28 13:48:38,51,64,156,1323
2023-11-28 13:48:38,51,100,156,1323
2023-11-28 13:48:38,52,100,156,1323
2023-11-28 13:48:38,55,100,156,1323
2023-11-28 13:48:38,55,65,156,1323
2023-11-28 13:48:49,51,65,156,1323
2023-11-28 13:48:49,51,67,156,1323
2023-11-28 13:48:49,52,67,156,1323
2023-11-28 13:48:49,56,67,156,1323
2023-11-28 13:49:07,0,67,156,1323
2023-11-28 13:49:07,51,67,156,1323
2023-11-28 13:49:07,56,67,156,1323
2023-11-28 13:49:07,56,66,156,1323
2023-11-28 13:49:16,60,66,156,1323
2023-11-28 13:49:18,57,66,156,1323
2023-11-28 13:49:18,56,66,156,1323
2023-11-28 13:49:21,60,66,156,1323
2023-11-28 13:49:24,57,66,156,1323
2023-11-28 13:49:24,56,66,156,1323
2023-11-28 13:49:26,59,66,156,1323
2023-11-28 13:49:56,59,67,156,1323
2023-11-28 13:49:56,59,65,156,1323
2023-11-28 13:49:58,56,65,156,1323
2023-11-28 13:49:58,55,65,156,1323
2023-11-28 13:49:59,55,67,156,1323
2023-11-28 13:49:59,0,67,156,1323
2023-11-28 13:49:59,53,67,156,1323
2023-11-28 13:49:59,53,63,156,1323
2023-11-28 13:50:01,56,63,156,1323
2023-11-28 13:50:04,53,63,156,1323
2023-11-28 13:50:15,55,63,156,1323
2023-11-28 13:50:39,55,64,156,1323
2023-11-28 13:50:39,55,61,156,1323
2023-11-28 13:51:02,55,64,156,1323
2023-11-28 13:51:02,55,63,156,1323
2023-11-28 13:51:26,55,64,156,1323
2023-11-28 13:51:26,55,62,156,1323
2023-11-28 13:51:34,55,64,156,1323
2023-11-28 13:51:34,55,63,156,1323
2023-11-28 13:51:37,55,100,156,1323
2023-11-28 13:51:37,55,70,156,1323
2023-11-28 13:51:37,55,65,156,1323
2023-11-28 13:51:52,58,65,156,1323
2023-11-28 13:52:37,58,66,156,1323
2023-11-28 13:52:38,58,64,156,1323
2023-11-28 13:52:43,55,64,156,1323
2023-11-28 13:52:53,0,64,156,1323
2023-11-28 13:52:53,0,66,156,1323
2023-11-28 13:53:06,56,66,156,1323
2023-11-28 13:53:08,58,66,156,1323
2023-11-28 13:53:10,56,66,156,1323
2023-11-28 13:53:13,58,66,156,1323
2023-11-28 13:53:15,58,65,156,1323
2023-11-28 13:54:00,55,65,156,1323
2023-11-28 13:54:02,58,65,156,1323
2023-11-28 13:54:05,58,66,156,1323
2023-11-28 13:54:26,58,65,156,1323
2023-11-28 13:54:31,55,65,156,1323
2023-11-28 13:54:32,55,66,156,1323
2023-11-28 13:54:32,0,66,156,1323
2023-11-28 13:54:32,48,66,156,1323
2023-11-28 13:54:32,53,66,156,1323
2023-11-28 13:54:32,53,65,156,1323
2023-11-28 13:54:32,53,63,156,1323
2023-11-28 13:54:34,56,63,156,1323
2023-11-28 13:54:37,53,63,156,1323
2023-11-28 13:54:39,55,63,156,1323
2023-11-28 13:54:49,53,63,156,1323
2023-11-28 13:54:50,53,66,156,1323
2023-11-28 13:54:50,0,66,156,1323
2023-11-28 13:54:50,49,66,156,1323
2023-11-28 13:54:50,52,66,156,1323
2023-11-28 13:54:50,52,62,156,1323
2023-11-28 13:54:51,55,62,156,1323
2023-11-28 13:55:10,52,62,156,1323
2023-11-28 13:55:12,54,62,156,1323
2023-11-28 13:55:16,52,62,156,1323
2023-11-28 13:55:23,54,62,156,1323
2023-11-28 13:55:30,54,66,156,1323
2023-11-28 13:55:30,54,65,156,1323
2023-11-28 13:55:30,54,60,156,1323
2023-11-28 13:55:30,51,60,156,1323
2023-11-28 13:55:30,50,60,156,1323
2023-11-28 13:55:32,53,60,156,1323
2023-11-28 13:55:42,53,62,156,1323
2023-11-28 13:55:45,53,61,156,1323
2023-11-28 13:55:55,53,60,156,1323
2023-11-28 13:56:20,50,60,156,1323
2023-11-28 13:56:22,51,60,156,1323
2023-11-28 13:56:23,51,61,156,1323
2023-11-28 13:56:23,51,59,156,1323
2023-11-28 13:56:31,51,61,156,1323
2023-11-28 13:56:31,51,60,156,1323
2023-11-28 13:56:31,51,57,156,1323
2023-11-28 13:56:34,48,57,156,1323
2023-11-28 13:56:34,47,57,156,1323
2023-11-28 13:56:45,50,57,156,1323
2023-11-28 13:56:48,47,57,156,1323
2023-11-28 13:56:50,47,61,156,1323
2023-11-28 13:56:50,0,61,156,1323
2023-11-28 13:56:50,41,61,156,1323
2023-11-28 13:56:50,43,61,156,1323
2023-11-28 13:56:50,46,61,156,1323
2023-11-28 13:56:50,46,59,156,1323
2023-11-28 13:56:50,46,56,156,1323
2023-11-28 13:56:50,48,56,156,1323
2023-11-28 13:57:00,46,56,156,1323
2023-11-28 13:57:01,46,61,156,1323
2023-11-28 13:57:01,0,61,156,1323
2023-11-28 13:57:01,42,61,156,1323
2023-11-28 13:57:01,45,61,156,1323
2023-11-28 13:57:01,45,57,156,1323
2023-11-28 13:57:01,45,54,156,1323
2023-11-28 13:57:10,49,54,156,1323
2023-11-28 13:57:13,46,54,156,1323
2023-11-28 13:57:13,45,54,156,1323
2023-11-28 13:57:15,48,54,156,1323
2023-11-28 13:57:26,48,55,156,1323
2023-11-28 13:57:27,48,56,156,1323
2023-11-28 13:57:29,48,100,156,1323
2023-11-28 13:57:29,48,59,156,1323
2023-11-28 13:57:29,48,57,156,1323
2023-11-28 13:57:30,48,56,156,1323
2023-11-28 13:57:51,48,53,156,1323
2023-11-28 13:57:54,48,56,156,1323
2023-11-28 13:57:54,48,51,156,1323
2023-11-28 13:57:54,45,51,156,1323
2023-11-28 13:57:54,42,51,156,1323
2023-11-28 13:57:54,41,51,156,1323
2023-11-28 13:58:05,41,56,156,1323
2023-11-28 13:58:05,41,49,156,1323
2023-11-28 13:58:11,38,49,156,1323
2023-11-28 13:58:15,0,49,156,1323
2023-11-28 13:58:15,0,56,156,1323
2023-11-28 13:58:15,39,56,156,1323
2023-11-28 13:58:15,41,56,156,1323
2023-11-28 13:58:15,41,54,156,1323
2023-11-28 13:58:15,41,51,156,1323
2023-11-28 13:58:20,44,51,156,1323
2023-11-28 13:58:22,41,51,156,1323
2023-11-28 13:58:25,42,51,156,1323
2023-11-28 13:58:28,42,56,156,1323
2023-11-28 13:58:28,42,55,156,1323
2023-11-28 13:58:28,42,52,156,1323
2023-11-28 13:58:40,42,56,156,1323
2023-11-28 13:58:40,42,51,156,1323
2023-11-28 13:58:47,42,56,156,1323
2023-11-28 13:58:47,42,55,156,1323
2023-11-28 13:58:47,42,53,156,1323
2023-11-28 13:58:47,42,50,156,1323
2023-11-28 13:58:51,40,50,156,1323
2023-11-28 13:59:00,43,50,156,1323
2023-11-28 13:59:02,40,50,156,1323
2023-11-28 13:59:04,41,50,156,1323
2023-11-28 13:59:08,41,56,156,1323
2023-11-28 13:59:08,42,56,156,1323
2023-11-28 13:59:08,42,55,156,1323
2023-11-28 13:59:08,42,52,156,1323
2023-11-28 13:59:22,42,49,156,1323
2023-11-28 13:59:24,42,52,156,1323
2023-11-28 13:59:27,42,51,156,1323
2023-11-28 13:59:29,42,52,156,1323
2023-11-28 13:59:32,42,51,156,1323
2023-11-28 13:59:42,41,51,156,1323
2023-11-28 13:59:42,41,50,156,1323
2023-11-28 14:00:37,40,50,156,1323
2023-11-28 14:00:42,40,51,156,1323
2023-11-28 14:00:43,35,51,156,1323
2023-11-28 14:00:43,37,51,156,1323
2023-11-28 14:00:43,40,51,156,1323
2023-11-28 14:00:43,40,50,156,1323
2023-11-28 14:00:44,42,50,156,1323
2023-11-28 14:00:48,42,51,156,1323
2023-11-28 14:00:51,42,52,156,1323
2023-11-28 14:00:53,42,51,156,1323
2023-11-28 14:02:09,41,51,156,1323
2023-11-28 14:02:10,38,51,156,1323
2023-11-28 14:02:11,41,51,156,1323
2023-11-28 14:02:23,45,51,156,1323
2023-11-28 14:02:27,42,51,156,1323
2023-11-28 14:02:27,41,51,156,1323
2023-11-28 14:02:38,42,51,156,1323
2023-11-28 14:02:40,42,50,156,1323
2023-11-28 14:02:46,42,51,156,1323
2023-11-28 14:03:11,42,100,156,1323
2023-11-28 14:03:11,43,100,156,1323
2023-11-28 14:03:11,43,53,156,1323
2023-11-28 14:03:16,42,53,156,1323
2023-11-28 14:03:16,42,54,156,1323
2023-11-28 14:03:16,45,54,156,1323
2023-11-28 14:03:26,45,53,156,1323
2023-11-28 14:03:27,42,53,156,1323
2023-11-28 14:03:27,43,53,156,1323
2023-11-28 14:03:37,42,53,156,1323
2023-11-28 14:03:37,42,51,156,1323
2023-11-28 14:03:50,42,53,156,1323
2023-11-28 14:03:50,43,53,156,1323
2023-11-28 14:04:09,45,53,156,1323
2023-11-28 14:04:22,43,53,156,1323
2023-11-28 14:04:25,44,53,156,1323
2023-11-28 14:04:32,44,51,156,1323
2023-11-28 14:04:49,44,53,156,1323
2023-11-28 14:04:49,44,52,156,1323
2023-11-28 14:04:49,44,50,156,1323
2023-11-28 14:04:51,41,50,156,1323
2023-11-28 14:04:51,40,50,156,1323
2023-11-28 14:04:53,41,50,156,1323
2023-11-28 14:04:55,40,50,156,1323
2023-11-28 14:05:07,43,50,156,1323
2023-11-28 14:05:07,43,49,156,1323
2023-11-28 14:05:11,43,50,156,1323
2023-11-28 14:05:13,43,49,156,1323
2023-11-28 14:05:16,40,49,156,1323
2023-11-28 14:05:18,42,49,156,1323
2023-11-28 14:05:20,42,50,156,1323
2023-11-28 14:05:22,42,49,156,1323
2023-11-28 14:05:25,42,50,156,1323
2023-11-28 14:05:27,42,51,156,1323
2023-11-28 14:05:29,42,52,156,1323
2023-11-28 14:05:37,42,49,156,1323
2023-11-28 14:05:47,42,52,156,1323
2023-11-28 14:05:47,42,55,156,1323
2023-11-28 14:05:47,42,58,156,1323
2023-11-28 14:05:47,42,100,156,1323
2023-11-28 14:05:50,42,51,156,1323
2023-11-28 14:05:54,42,54,156,1323
2023-11-28 14:05:54,42,57,156,1323
2023-11-28 14:05:54,42,60,156,1323
2023-11-28 14:05:54,42,100,156,1323
2023-11-28 14:05:56,42,52,156,1323
2023-11-28 14:06:54,39,52,156,1323
2023-11-28 14:06:54,36,52,156,1323
2023-11-28 14:06:54,33,52,156,1323
2023-11-28 14:06:54,0,52,156,1323
2023-11-28 14:06:56,40,52,156,1323
2023-11-28 14:07:03,37,52,156,1323
2023-11-28 14:07:03,34,52,156,1323
2023-11-28 14:07:03,31,52,156,1323
2023-11-28 14:07:03,0,52,156,1323
2023-11-28 14:07:07,41,52,156,1323
2023-11-28 14:07:09,38,52,156,1323
2023-11-28 14:07:09,35,52,156,1323
2023-11-28 14:07:09,32,52,156,1323
2023-11-28 14:07:09,0,52,156,1323
2023-11-28 14:07:12,40,52,156,1323
2023-11-28 14:07:14,37,52,156,1323
2023-11-28 14:07:14,34,52,156,1323
2023-11-28 14:07:14,31,52,156,1323
2023-11-28 14:07:14,0,52,156,1323
2023-11-28 14:07:24,0,58,156,1323
2023-11-28 14:07:24,37,100,156,1323
2023-11-28 14:07:30,34,100,156,1323
2023-11-28 14:07:30,31,100,156,1323
