datetime,bid,ask,open_interest,volume
2023-05-08 09:30:06,27,28,580,2447
2023-05-08 09:30:07,26,27,580,2459
2023-05-08 09:30:13,26,29,580,2459
2023-05-08 09:30:18,25,26,629,2543
2023-05-08 09:30:19,24,25,635,2549
2023-05-08 09:30:19,24,26,635,2549
2023-05-08 09:30:20,22,24,785,2699
2023-05-08 09:30:20,22,26,785,2699
2023-05-08 09:30:21,22,26,910,2899
2023-05-08 09:30:22,20,22,935,2924
2023-05-08 09:30:22,20,26,935,2924
2023-05-08 09:30:22,20,25,935,2924
2023-05-08 09:30:22,20,26,935,2924
2023-05-08 09:30:24,20,29,935,2924
2023-05-08 09:30:40,26,29,935,2924
2023-05-08 09:30:40,20,26,1020,3024
2023-05-08 09:30:40,20,29,1020,3024
2023-05-08 09:31:03,22,29,1020,3024
2023-05-08 09:31:03,26,28,1020,3024
2023-05-08 09:31:03,26,28,1045,3049
2023-05-08 09:31:04,26,29,1045,3049
2023-05-08 09:31:04,25,26,1220,3224
2023-05-08 09:31:04,25,28,1245,3249
2023-05-08 09:31:04,25,29,1245,3249
2023-05-08 09:31:04,25,27,1245,3249
2023-05-08 09:31:04,25,29,1245,3249
2023-05-08 09:31:05,25,28,1445,3449
2023-05-08 09:31:06,24,28,1645,3649
2023-05-08 09:31:07,25,28,1645,3649
2023-05-08 09:31:09,26,28,1645,3649
2023-05-08 09:31:09,25,28,1670,3674
2023-05-08 09:31:09,25,28,1670,3674
2023-05-08 09:31:23,25,27,1670,3674
2023-05-08 09:31:23,25,26,1670,3674
2023-05-08 09:31:44,28,29,1673,3710
2023-05-08 09:31:44,28,29,1676,3713
2023-05-08 09:31:45,26,28,1737,3774
2023-05-08 09:31:47,28,29,1770,3807
2023-05-08 09:31:48,26,28,1837,3874
2023-05-08 09:31:48,26,29,1837,3874
2023-05-08 09:31:53,28,29,1837,3874
2023-05-08 09:31:53,28,29,1862,3899
2023-05-08 09:31:53,26,28,1937,3974
2023-05-08 09:31:53,26,29,1937,3974
2023-05-08 09:31:53,27,29,1937,3974
2023-05-08 09:31:55,28,29,1937,3974
2023-05-08 09:31:55,27,28,2037,4074
2023-05-08 09:31:56,27,29,2037,4074
2023-05-08 09:31:57,26,27,2043,4080
2023-05-08 09:31:57,26,29,2043,4080
2023-05-08 09:31:58,26,28,2043,4080
2023-05-08 09:32:01,26,29,2043,4080
2023-05-08 09:32:01,26,28,2043,4080
2023-05-08 09:32:01,26,28,2093,4130
2023-05-08 09:32:05,26,27,2093,4130
2023-05-08 09:32:06,25,27,2293,4330
2023-05-08 09:32:06,25,26,2293,4330
2023-05-08 09:32:06,26,27,2296,4333
2023-05-08 09:32:07,26,28,2296,4333
2023-05-08 09:32:07,26,27,2296,4333
2023-05-08 09:32:11,26,28,2296,4333
2023-05-08 09:32:11,26,27,2296,4333
2023-05-08 09:32:11,26,28,2318,4355
2023-05-08 09:32:13,26,29,2318,4355
2023-05-08 09:32:13,26,28,2318,4355
2023-05-08 09:32:13,26,29,2318,4355
2023-05-08 09:32:15,26,28,2318,4355
2023-05-08 09:32:18,26,28,2343,4380
2023-05-08 09:32:18,26,28,2368,4405
2023-05-08 09:32:18,26,29,2368,4405
2023-05-08 09:32:18,26,28,2368,4405
2023-05-08 09:32:25,26,28,2390,4427
2023-05-08 09:32:25,26,28,2412,4449
2023-05-08 09:32:26,25,28,2412,4449
2023-05-08 09:32:26,25,28,2412,4449
2023-05-08 09:32:45,25,27,2412,4449
2023-05-08 09:33:03,25,26,2412,4449
2023-05-08 09:33:04,25,27,2412,4449
2023-05-08 09:33:07,25,26,2412,4449
2023-05-08 09:33:13,24,25,2412,4455
2023-05-08 09:33:15,24,26,2412,4455
2023-05-08 09:33:17,24,25,2412,4455
2023-05-08 09:33:31,22,25,2412,4455
2023-05-08 09:33:33,22,24,2412,4455
2023-05-08 09:33:45,23,24,2412,4455
2023-05-08 09:34:05,24,25,2412,4458
2023-05-08 09:34:10,25,26,2412,4467
2023-05-08 09:34:23,25,27,2412,4467
2023-05-08 09:35:35,26,27,2412,4467
2023-05-08 09:35:55,27,28,2427,4491
2023-05-08 09:36:15,27,30,2427,4491
2023-05-08 09:36:15,27,29,2427,4491
2023-05-08 09:36:15,28,29,2427,4491
2023-05-08 09:36:16,28,30,2427,4491
2023-05-08 09:36:16,28,29,2433,4500
2023-05-08 09:36:19,28,29,2449,4516
2023-05-08 09:36:19,28,29,2449,4516
2023-05-08 09:36:19,28,30,2449,4516
2023-05-08 09:36:20,28,29,2449,4516
2023-05-08 09:36:21,28,30,2449,4516
2023-05-08 09:36:24,28,30,2458,4525
2023-05-08 09:36:24,28,29,2458,4525
2023-05-08 09:36:25,28,29,2467,4534
2023-05-08 09:36:26,28,29,2474,4541
2023-05-08 09:36:29,28,29,2474,4541
2023-05-08 09:36:31,28,29,2489,4556
2023-05-08 09:36:32,28,29,2499,4566
2023-05-08 09:36:32,28,30,2499,4566
2023-05-08 09:36:32,28,29,2509,4576
2023-05-08 09:36:33,28,30,2509,4576
2023-05-08 09:36:36,27,30,2509,4576
2023-05-08 09:36:38,27,29,2509,4576
2023-05-08 09:36:38,28,29,2509,4576
2023-05-08 09:36:52,28,30,2509,4576
2023-05-08 09:37:12,26,28,2506,4579
2023-05-08 09:37:18,26,29,2506,4579
2023-05-08 09:37:19,26,28,2506,4579
2023-05-08 09:37:28,27,28,2506,4579
2023-05-08 09:38:41,28,29,2518,4591
2023-05-08 09:38:42,28,29,2537,4610
2023-05-08 09:38:49,28,29,2562,4635
2023-05-08 09:38:51,29,30,2568,4641
2023-05-08 09:38:51,29,30,2583,4656
2023-05-08 09:38:56,29,30,2608,4681
2023-05-08 09:38:56,29,30,2611,4684
2023-05-08 09:39:15,28,30,2611,4693
2023-05-08 09:39:15,28,29,2611,4693
2023-05-08 09:39:19,29,30,2620,4702
2023-05-08 09:39:19,29,30,2627,4709
2023-05-08 09:39:21,29,30,2658,4740
2023-05-08 09:39:28,29,30,2683,4765
2023-05-08 09:39:33,28,29,2683,4768
2023-05-08 09:39:33,28,30,2683,4768
2023-05-08 09:39:33,28,29,2683,4768
2023-05-08 09:39:34,28,29,2708,4793
2023-05-08 09:39:34,28,30,2708,4793
2023-05-08 09:39:39,28,29,2708,4793
2023-05-08 09:39:42,27,28,2808,4893
2023-05-08 09:39:42,27,29,2808,4893
2023-05-08 09:39:42,27,30,2808,4893
2023-05-08 09:39:42,27,28,2808,4893
2023-05-08 09:39:42,27,30,2808,4893
2023-05-08 09:39:42,27,29,2808,4893
2023-05-08 09:39:45,28,29,2808,4893
2023-05-08 09:39:47,27,29,2808,4893
2023-05-08 09:39:54,28,29,2808,4893
2023-05-08 09:39:55,27,29,2808,4896
2023-05-08 09:39:58,27,29,2824,4918
2023-05-08 09:40:05,27,28,2824,4918
2023-05-08 09:40:12,26,27,2824,5018
2023-05-08 09:40:13,26,28,2824,5018
2023-05-08 09:40:17,26,27,2824,5018
2023-05-08 09:40:28,26,29,2833,5033
2023-05-08 09:40:28,26,28,2833,5033
2023-05-08 09:40:38,27,28,2833,5033
2023-05-08 09:40:53,28,29,2845,5045
2023-05-08 09:40:53,28,29,2870,5070
2023-05-08 09:40:53,28,29,2895,5095
2023-05-08 09:40:58,29,30,2901,5101
2023-05-08 09:40:58,29,30,2926,5126
2023-05-08 09:40:59,29,30,2929,5129
2023-05-08 09:41:16,29,30,2935,5138
2023-05-08 09:41:22,30,32,2976,5179
2023-05-08 09:41:22,30,31,2976,5179
2023-05-08 09:41:22,30,31,3001,5204
2023-05-08 09:41:22,30,32,3001,5204
2023-05-08 09:41:22,30,31,3001,5204
2023-05-08 09:41:28,30,31,3026,5229
2023-05-08 09:41:35,30,31,3031,5234
2023-05-08 09:41:35,30,31,3034,5237
2023-05-08 09:41:36,30,31,3042,5245
2023-05-08 09:41:38,30,31,3050,5253
2023-05-08 09:41:39,31,32,3050,5259
2023-05-08 09:41:39,30,32,3050,5259
2023-05-08 09:41:43,30,32,3058,5267
2023-05-08 09:41:43,30,31,3058,5267
2023-05-08 09:41:49,29,31,3058,5276
2023-05-08 09:41:49,29,30,3058,5276
2023-05-08 09:41:52,30,32,3058,5285
2023-05-08 09:41:52,29,32,3058,5285
2023-05-08 09:41:52,29,31,3058,5285
2023-05-08 09:41:54,30,31,3058,5285
2023-05-08 09:41:54,30,32,3058,5285
2023-05-08 09:42:02,30,31,3077,5310
2023-05-08 09:42:03,31,32,3077,5366
2023-05-08 09:42:03,30,32,3077,5366
2023-05-08 09:42:09,30,32,3102,5391
2023-05-08 09:42:16,30,31,3127,5416
2023-05-08 09:42:21,30,31,3152,5441
2023-05-08 09:42:27,29,31,3152,5450
2023-05-08 09:42:30,29,32,3174,5472
2023-05-08 09:42:31,29,31,3174,5472
2023-05-08 09:42:31,29,32,3174,5472
2023-05-08 09:42:31,29,31,3174,5472
2023-05-08 09:42:32,29,32,3174,5472
2023-05-08 09:42:32,29,31,3174,5472
2023-05-08 09:42:36,31,32,3174,5475
2023-05-08 09:42:36,29,32,3174,5475
2023-05-08 09:42:36,29,31,3174,5475
2023-05-08 09:42:41,28,31,3174,5475
2023-05-08 09:42:41,28,30,3174,5475
2023-05-08 09:42:42,28,30,3174,5484
2023-05-08 09:42:43,28,30,3190,5500
2023-05-08 09:42:43,28,31,3190,5500
2023-05-08 09:42:48,28,30,3190,5500
2023-05-08 09:42:53,29,30,3190,5500
2023-05-08 09:43:07,30,31,3190,5503
2023-05-08 09:43:07,29,31,3190,5503
2023-05-08 09:43:07,30,31,3190,5503
2023-05-08 09:43:07,30,31,3193,5506
2023-05-08 09:43:07,30,31,3199,5512
2023-05-08 09:43:07,30,31,3221,5534
2023-05-08 09:43:14,30,31,3246,5559
2023-05-08 09:43:14,30,31,3271,5584
2023-05-08 09:43:17,30,32,3302,5615
2023-05-08 09:43:19,30,31,3302,5615
2023-05-08 09:43:19,30,31,3327,5640
2023-05-08 09:43:19,30,32,3327,5640
2023-05-08 09:43:20,30,31,3327,5640
2023-05-08 09:43:20,30,32,3327,5640
2023-05-08 09:43:22,30,31,3327,5640
2023-05-08 09:43:22,30,32,3327,5640
2023-05-08 09:43:24,30,31,3327,5640
2023-05-08 09:43:28,30,32,3327,5640
2023-05-08 09:43:28,30,32,3377,5690
2023-05-08 09:43:28,30,31,3377,5690
2023-05-08 09:43:29,30,31,3427,5740
2023-05-08 09:43:31,31,32,3427,5740
2023-05-08 09:43:34,31,32,3443,5765
2023-05-08 09:43:35,30,32,3458,5780
2023-05-08 09:43:36,30,32,3508,5830
2023-05-08 09:43:41,30,31,3508,5830
2023-05-08 09:43:42,30,31,3520,5842
2023-05-08 09:43:42,30,33,3539,6048
2023-05-08 09:43:42,30,32,3539,6048
2023-05-08 09:43:42,30,33,3539,6048
2023-05-08 09:43:42,30,32,3539,6048
2023-05-08 09:43:42,30,32,3589,6098
2023-05-08 09:43:42,30,33,3589,6098
2023-05-08 09:43:43,31,33,3589,6098
2023-05-08 09:43:48,31,33,3614,6123
2023-05-08 09:43:48,31,32,3614,6123
2023-05-08 09:43:49,30,32,3614,6123
2023-05-08 09:43:54,31,32,3614,6123
2023-05-08 09:43:54,30,32,3614,6132
2023-05-08 09:43:56,31,32,3614,6132
2023-05-08 09:43:56,31,32,3630,6148
2023-05-08 09:43:58,32,33,3630,6204
2023-05-08 09:43:58,31,33,3630,6204
2023-05-08 09:43:58,31,32,3630,6204
2023-05-08 09:43:58,31,33,3630,6204
2023-05-08 09:44:04,31,33,3655,6229
2023-05-08 09:44:05,31,32,3658,6232
2023-05-08 09:44:05,32,33,3658,6282
2023-05-08 09:44:05,31,33,3658,6282
2023-05-08 09:44:10,31,33,3683,6307
2023-05-08 09:44:14,31,32,3683,6307
2023-05-08 09:44:14,32,33,3683,6357
2023-05-08 09:44:14,31,33,3683,6357
2023-05-08 09:44:18,32,33,3683,6357
2023-05-08 09:44:20,31,33,3699,6382
2023-05-08 09:44:25,31,32,3699,6382
2023-05-08 09:44:26,31,33,3709,6392
2023-05-08 09:44:26,31,33,3724,6407
2023-05-08 09:44:26,31,33,3739,6422
2023-05-08 09:44:26,31,33,3739,6422
2023-05-08 09:44:27,31,32,3739,6422
2023-05-08 09:44:27,31,33,3739,6422
2023-05-08 09:44:27,30,33,3739,6422
2023-05-08 09:44:32,30,32,3739,6422
2023-05-08 09:44:39,32,33,3739,6425
2023-05-08 09:44:39,30,33,3739,6425
2023-05-08 09:44:40,30,32,3739,6425
2023-05-08 09:44:44,32,33,3739,6450
2023-05-08 09:44:44,30,33,3739,6450
2023-05-08 09:44:44,31,33,3739,6450
2023-05-08 09:44:44,31,32,3739,6450
2023-05-08 09:44:46,30,32,3739,6453
2023-05-08 09:44:47,30,32,3761,6475
2023-05-08 09:44:50,32,33,3761,6481
2023-05-08 09:44:50,30,33,3761,6481
2023-05-08 09:44:53,30,32,3761,6481
2023-05-08 09:44:54,30,33,3761,6481
2023-05-08 09:44:54,30,32,3761,6481
2023-05-08 09:45:05,31,32,3761,6481
2023-05-08 09:45:06,31,32,3761,6487
2023-05-08 09:45:06,30,31,3761,6490
2023-05-08 09:45:08,31,32,3761,6493
2023-05-08 09:45:08,30,32,3761,6493
2023-05-08 09:45:13,30,32,3767,6593
2023-05-08 09:45:13,30,33,3767,6593
2023-05-08 09:45:16,30,32,3767,6593
2023-05-08 09:45:18,30,33,3767,6593
2023-05-08 09:45:24,30,32,3767,6593
2023-05-08 09:45:28,31,32,3767,6593
2023-05-08 09:45:32,30,32,3770,6602
2023-05-08 09:45:37,30,31,3770,6602
2023-05-08 09:45:48,29,32,3770,6602
2023-05-08 09:45:48,29,31,3770,6602
2023-05-08 09:45:51,31,32,3770,6627
2023-05-08 09:45:51,29,32,3770,6627
2023-05-08 09:45:51,29,31,3770,6627
2023-05-08 09:45:52,29,31,3570,6827
2023-05-08 09:46:03,30,31,3570,6827
2023-05-08 09:46:09,29,31,3570,6827
2023-05-08 09:46:10,30,31,3570,6827
2023-05-08 09:46:23,30,32,3579,6839
2023-05-08 09:46:23,30,31,3579,6839
2023-05-08 09:46:31,31,32,3579,6848
2023-05-08 09:46:31,30,32,3579,6848
2023-05-08 09:46:36,31,32,3579,6848
2023-05-08 09:46:51,32,33,3585,6854
2023-05-08 09:46:51,32,33,3606,6875
2023-05-08 09:46:51,32,33,3609,6878
2023-05-08 09:46:59,32,33,3634,6903
2023-05-08 09:47:07,32,33,3659,6928
2023-05-08 09:47:07,32,33,3684,6953
2023-05-08 09:47:12,32,33,3709,6978
2023-05-08 09:47:12,31,33,3709,6978
2023-05-08 09:47:12,31,32,3709,6978
2023-05-08 09:47:13,32,33,3709,7028
2023-05-08 09:47:13,31,33,3709,7028
2023-05-08 09:47:18,31,32,3709,7028
2023-05-08 09:47:19,30,32,3709,7040
2023-05-08 09:47:24,30,33,3709,7040
2023-05-08 09:47:26,31,32,3709,7040
2023-05-08 09:47:40,30,32,3712,7046
2023-05-08 09:47:47,31,32,3712,7046
2023-05-08 09:47:47,32,33,3718,7055
2023-05-08 09:47:47,32,33,3721,7058
2023-05-08 09:47:48,32,33,3740,7077
2023-05-08 09:47:48,32,33,3759,7096
2023-05-08 09:47:53,32,33,3784,7121
2023-05-08 09:47:54,32,33,3834,7171
2023-05-08 09:48:00,32,33,3859,7196
2023-05-08 09:48:00,32,33,3909,7246
2023-05-08 09:48:01,31,33,3909,7246
2023-05-08 09:48:04,32,33,3909,7246
2023-05-08 09:48:06,32,33,3934,7271
2023-05-08 09:48:11,32,33,3959,7296
2023-05-08 09:48:11,32,33,4009,7346
2023-05-08 09:48:16,32,33,4021,7358
2023-05-08 09:48:16,31,33,4021,7358
2023-05-08 09:48:16,31,32,4021,7358
2023-05-08 09:48:17,31,32,4034,7371
2023-05-08 09:48:17,31,33,4034,7371
2023-05-08 09:48:22,32,33,4034,7371
2023-05-08 09:48:23,31,33,4037,7377
2023-05-08 09:48:25,31,33,3840,7577
2023-05-08 09:48:26,31,33,3859,7596
2023-05-08 09:48:31,31,32,3859,7596
2023-05-08 09:48:34,31,33,3859,7596
2023-05-08 09:48:34,31,32,3884,7621
2023-05-08 09:48:34,31,33,3884,7621
2023-05-08 09:48:36,30,33,3884,7621
2023-05-08 09:48:36,30,32,3884,7621
2023-05-08 09:48:41,30,31,3884,7621
2023-05-08 09:50:11,31,32,3890,7627
2023-05-08 09:50:11,31,32,3915,7652
2023-05-08 09:50:13,31,32,3909,7658
2023-05-08 09:50:38,31,32,3924,7673
2023-05-08 09:50:45,32,33,3924,7679
2023-05-08 09:50:45,31,33,3924,7679
2023-05-08 09:50:52,31,32,3924,7679
2023-05-08 09:51:03,32,33,3924,7691
2023-05-08 09:51:03,31,33,3924,7691
2023-05-08 09:51:15,31,32,3924,7691
2023-05-08 09:51:15,32,33,3924,7694
2023-05-08 09:51:15,31,33,3924,7694
2023-05-08 09:51:15,31,32,3924,7694
2023-05-08 09:51:16,31,33,3924,7694
2023-05-08 09:51:16,31,32,3924,7694
2023-05-08 09:51:16,32,33,3924,7709
2023-05-08 09:51:16,31,33,3924,7709
2023-05-08 09:51:22,32,33,3924,7709
2023-05-08 09:51:25,33,34,3924,7715
2023-05-08 09:51:25,32,34,3924,7715
2023-05-08 09:51:26,32,33,3924,7715
2023-05-08 09:51:26,33,34,3924,7740
2023-05-08 09:51:27,32,34,3924,7740
2023-05-08 09:51:32,32,33,3924,7740
2023-05-08 09:51:33,33,34,3924,7743
2023-05-08 09:51:33,32,34,3924,7743
2023-05-08 09:51:33,32,33,3924,7743
2023-05-08 09:51:34,33,34,3924,7765
2023-05-08 09:51:34,32,34,3924,7765
2023-05-08 09:51:34,32,33,3924,7765
2023-05-08 09:51:35,33,34,3924,7771
2023-05-08 09:51:35,32,34,3924,7771
2023-05-08 09:51:42,32,33,3924,7771
2023-05-08 09:51:43,33,34,3924,7796
2023-05-08 09:51:43,32,34,3924,7796
2023-05-08 09:51:43,32,33,3924,7796
2023-05-08 09:51:43,32,33,3924,7805
2023-05-08 09:51:49,33,34,3924,7821
2023-05-08 09:51:49,32,34,3924,7821
2023-05-08 09:51:49,32,33,3924,7821
2023-05-08 09:51:49,34,35,3955,8052
2023-05-08 09:51:50,34,35,4005,8102
2023-05-08 09:51:53,33,35,4005,8102
2023-05-08 09:51:55,33,34,4005,8102
2023-05-08 09:52:00,34,35,4005,8105
2023-05-08 09:52:00,33,35,4005,8105
2023-05-08 09:52:00,33,34,4005,8105
2023-05-08 09:52:01,34,35,4005,8127
2023-05-08 09:52:01,33,35,4005,8127
2023-05-08 09:52:06,33,34,4005,8127
2023-05-08 09:52:06,33,34,4005,8136
2023-05-08 09:52:09,34,35,4005,8152
2023-05-08 09:52:09,33,35,4005,8152
2023-05-08 09:52:09,33,34,4005,8152
2023-05-08 09:52:10,34,35,4005,8168
2023-05-08 09:52:10,33,35,4005,8168
2023-05-08 09:52:16,33,34,4005,8168
2023-05-08 09:52:26,32,34,4005,8168
2023-05-08 09:52:28,33,34,4005,8168
2023-05-08 09:53:04,33,34,4027,8193
2023-05-08 09:53:11,33,36,4039,8405
2023-05-08 09:53:11,33,36,4062,8428
2023-05-08 09:53:11,33,34,4062,8428
2023-05-08 09:53:11,33,35,4062,8428
2023-05-08 09:53:11,33,34,4062,8428
2023-05-08 09:53:12,34,36,4064,8430
2023-05-08 09:53:12,34,35,4064,8430
2023-05-08 09:53:17,34,35,4089,8455
2023-05-08 09:53:23,33,35,4089,8470
2023-05-08 09:53:27,32,35,4089,8470
2023-05-08 09:53:29,32,35,4102,8486
2023-05-08 09:53:33,32,35,4111,8495
2023-05-08 09:53:33,32,35,4120,8504
2023-05-08 09:53:38,32,34,4120,8504
2023-05-08 09:53:52,33,34,4120,8504
2023-05-08 09:53:54,32,34,4120,8504
2023-05-08 09:53:55,33,34,4120,8504
2023-05-08 09:53:56,32,34,4120,8504
2023-05-08 09:53:59,33,34,4120,8504
2023-05-08 09:54:02,34,35,4108,8534
2023-05-08 09:54:02,33,35,4108,8534
2023-05-08 09:54:02,33,34,4108,8534
2023-05-08 09:54:03,34,35,4108,8550
2023-05-08 09:54:03,33,35,4108,8550
2023-05-08 09:54:08,33,34,4108,8550
2023-05-08 09:54:13,33,35,4133,8575
2023-05-08 09:54:19,33,34,4133,8575
2023-05-08 09:54:22,34,35,4133,8584
2023-05-08 09:54:22,33,35,4133,8584
2023-05-08 09:54:22,33,34,4133,8584
2023-05-08 09:54:23,34,35,4148,8599
2023-05-08 09:54:24,34,35,4155,8606
2023-05-08 09:54:24,34,35,4162,8613
2023-05-08 09:54:24,34,35,4169,8620
2023-05-08 09:54:29,34,35,4194,8645
2023-05-08 09:54:35,34,37,4200,9051
2023-05-08 09:54:35,34,35,4200,9051
2023-05-08 09:54:35,34,37,4268,9119
2023-05-08 09:54:35,35,37,4268,9119
2023-05-08 09:54:35,35,36,4268,9119
2023-05-08 09:54:41,35,36,4293,9144
2023-05-08 09:54:41,35,36,4299,9150
2023-05-08 09:54:46,35,36,4324,9175
2023-05-08 09:54:47,35,37,4367,9412
2023-05-08 09:54:47,35,36,4367,9412
2023-05-08 09:54:48,36,38,4380,9425
2023-05-08 09:54:48,36,37,4380,9425
2023-05-08 09:54:53,36,37,4405,9450
2023-05-08 09:54:53,36,38,4405,9450
2023-05-08 09:54:53,36,37,4405,9450
2023-05-08 09:54:56,36,37,4436,9481
2023-05-08 09:55:01,36,37,4461,9506
2023-05-08 09:55:01,36,38,4461,9506
2023-05-08 09:55:04,35,37,4461,9506
2023-05-08 09:55:06,35,37,4487,9532
2023-05-08 09:55:06,35,37,4515,9560
2023-05-08 09:55:06,35,37,4525,9570
2023-05-08 09:55:06,35,37,4553,9598
2023-05-08 09:55:06,35,38,4553,9598
2023-05-08 09:55:06,35,37,4553,9598
2023-05-08 09:55:11,35,37,4565,9619
2023-05-08 09:55:11,35,36,4565,9619
2023-05-08 09:55:11,35,36,4569,9623
2023-05-08 09:55:11,35,36,4573,9627
2023-05-08 09:55:11,35,37,4573,9627
2023-05-08 09:55:11,35,37,4573,9627
2023-05-08 09:55:11,35,36,4573,9627
2023-05-08 09:55:27,35,36,4577,9631
2023-05-08 09:55:37,34,35,4596,9656
2023-05-08 09:55:37,34,35,4614,9674
2023-05-08 09:56:15,34,35,4617,9689
2023-05-08 09:56:19,34,35,4627,9699
2023-05-08 09:56:34,34,35,4633,9705
2023-05-08 09:56:41,34,35,4646,9718
2023-05-08 09:56:46,34,35,4658,9730
2023-05-08 09:57:05,34,35,4670,9742
2023-05-08 09:57:05,33,34,4677,9749
2023-05-08 09:57:05,33,35,4677,9749
2023-05-08 09:57:09,33,35,4683,9755
2023-05-08 09:57:15,33,35,4692,9764
2023-05-08 09:57:30,34,35,4692,9764
2023-05-08 09:57:31,33,35,4692,9764
2023-05-08 09:57:36,34,35,4692,9764
2023-05-08 09:57:46,34,36,4714,9795
2023-05-08 09:57:46,34,35,4714,9795
2023-05-08 09:57:53,34,35,4721,9802
2023-05-08 09:57:53,34,35,4728,9809
2023-05-08 09:57:53,34,35,4735,9816
2023-05-08 09:57:53,35,36,4735,9845
2023-05-08 09:57:53,34,36,4735,9845
2023-05-08 09:57:54,34,35,4735,9845
2023-05-08 09:57:55,35,36,4735,9856
2023-05-08 09:57:55,34,36,4735,9856
2023-05-08 09:58:00,34,35,4735,9856
2023-05-08 09:58:00,34,35,4741,9862
2023-05-08 09:58:00,34,36,4741,9862
2023-05-08 09:58:00,34,35,4741,9862
2023-05-08 09:58:07,34,35,4748,9869
2023-05-08 09:58:07,34,36,4748,9869
2023-05-08 09:58:07,34,35,4748,9869
2023-05-08 09:58:16,34,35,4748,9875
2023-05-08 09:58:18,34,36,4761,9888
2023-05-08 09:58:19,34,35,4761,9888
2023-05-08 09:58:20,34,35,4761,9894
2023-05-08 09:58:20,34,36,4761,9900
2023-05-08 09:58:20,34,35,4761,9907
2023-05-08 09:58:20,33,34,4761,9912
2023-05-08 09:58:24,33,36,4769,9939
2023-05-08 09:58:25,33,37,4769,9939
2023-05-08 09:58:25,33,36,4769,9939
2023-05-08 09:58:35,34,36,4769,9939
2023-05-08 09:58:35,34,36,4769,9944
2023-05-08 09:58:35,34,37,4769,9944
2023-05-08 09:58:45,34,36,4770,9949
2023-05-08 09:58:45,34,36,4775,9954
2023-05-08 09:58:45,34,36,4778,9957
2023-05-08 09:58:45,34,36,4783,9962
2023-05-08 09:58:52,33,36,4783,9962
2023-05-08 09:58:58,33,35,4783,9962
2023-05-08 09:58:58,33,34,4783,9962
2023-05-08 09:59:04,34,35,4788,9967
2023-05-08 09:59:04,34,35,4793,9972
2023-05-08 09:59:43,34,36,4802,9984
2023-05-08 09:59:43,34,35,4802,9984
2023-05-08 10:00:00,34,35,4802,9987
2023-05-08 10:00:00,34,35,4802,9990
2023-05-08 10:00:00,34,35,4802,9993
2023-05-08 10:00:01,33,34,4805,9996
2023-05-08 10:00:01,33,35,4805,9996
2023-05-08 10:00:01,33,34,4805,9996
2023-05-08 10:00:02,33,34,5005,10196
2023-05-08 10:00:02,33,34,5008,10199
2023-05-08 10:00:02,33,34,5011,10202
2023-05-08 10:00:02,33,34,5014,10205
2023-05-08 10:00:03,33,34,5214,10405
2023-05-08 10:00:03,33,35,5214,10405
2023-05-08 10:00:03,32,35,5217,10408
2023-05-08 10:00:04,32,35,5417,10608
2023-05-08 10:00:08,32,34,5417,10608
2023-05-08 10:00:08,31,32,5611,10802
2023-05-08 10:00:08,31,34,5611,10802
2023-05-08 10:00:08,31,35,5611,10802
2023-05-08 10:00:08,31,34,5611,10802
2023-05-08 10:00:09,30,34,5611,10802
2023-05-08 10:00:14,34,35,5614,10805
2023-05-08 10:00:27,34,35,5616,10807
2023-05-08 10:00:27,34,35,5619,10810
2023-05-08 10:00:27,30,34,5619,10811
2023-05-08 10:00:27,30,33,5619,10811
2023-05-08 10:00:31,30,34,5621,10831
2023-05-08 10:00:31,30,33,5621,10831
2023-05-08 10:00:37,31,33,5621,10831
2023-05-08 10:00:44,31,32,5621,10831
2023-05-08 10:00:46,30,31,5621,10876
2023-05-08 10:00:47,31,32,5466,11031
2023-05-08 10:00:47,30,32,5466,11031
2023-05-08 10:00:47,30,31,5466,11031
2023-05-08 10:00:47,30,31,5470,11035
2023-05-08 10:00:48,30,31,5470,11041
2023-05-08 10:00:48,30,32,5470,11041
2023-05-08 10:00:48,30,31,5470,11041
2023-05-08 10:00:51,31,32,5470,11044
2023-05-08 10:00:51,30,32,5470,11044
2023-05-08 10:00:51,30,31,5470,11044
2023-05-08 10:00:52,30,32,5470,11044
2023-05-08 10:00:52,30,31,5470,11044
2023-05-08 10:00:52,31,32,5470,11048
2023-05-08 10:00:52,30,32,5470,11048
2023-05-08 10:00:52,30,31,5470,11048
2023-05-08 10:00:53,30,32,5470,11048
2023-05-08 10:00:53,30,31,5470,11048
2023-05-08 10:00:53,31,32,5470,11052
2023-05-08 10:00:53,30,32,5470,11052
2023-05-08 10:01:02,30,31,5470,11052
2023-05-08 10:01:02,30,32,5470,11052
2023-05-08 10:01:02,31,32,5470,11052
2023-05-08 10:01:02,30,32,5470,11052
2023-05-08 10:01:04,30,31,5470,11052
2023-05-08 10:01:10,29,31,5470,11052
2023-05-08 10:01:14,31,32,5443,11079
2023-05-08 10:01:14,29,32,5443,11079
2023-05-08 10:01:40,31,32,5443,11079
2023-05-08 10:01:48,31,32,5443,11097
2023-05-08 10:01:49,31,32,5443,11115
2023-05-08 10:01:50,31,32,5443,11133
2023-05-08 10:01:51,31,32,5443,11151
2023-05-08 10:01:52,29,32,5443,11351
2023-05-08 10:01:52,29,31,5443,11351
2023-05-08 10:02:34,29,30,5443,11351
2023-05-08 10:02:40,28,30,5443,11351
2023-05-08 10:02:41,28,29,5443,11351
2023-05-08 10:03:12,29,30,5440,11354
2023-05-08 10:03:12,28,30,5440,11354
2023-05-08 10:03:15,28,31,5440,11354
2023-05-08 10:03:23,28,30,5440,11354
2023-05-08 10:03:24,28,31,5440,11354
2023-05-08 10:03:30,28,30,5440,11354
2023-05-08 10:03:30,30,31,5437,11357
2023-05-08 10:03:30,28,31,5437,11357
2023-05-08 10:03:54,28,30,5437,11357
2023-05-08 10:03:54,30,31,5434,11360
2023-05-08 10:03:54,28,31,5434,11360
2023-05-08 10:04:14,28,30,5434,11360
2023-05-08 10:04:15,30,31,5431,11363
2023-05-08 10:04:15,28,31,5431,11363
2023-05-08 10:04:31,30,31,5431,11363
2023-05-08 10:04:53,28,31,5431,11363
2023-05-08 10:04:58,31,32,5428,11366
2023-05-08 10:04:58,28,32,5428,11366
2023-05-08 10:04:59,30,32,5428,11366
2023-05-08 10:05:14,30,31,5428,11366
2023-05-08 10:05:15,31,32,5425,11369
2023-05-08 10:05:15,30,32,5425,11369
2023-05-08 10:05:41,28,32,5425,11369
2023-05-08 10:05:41,28,31,5425,11369
2023-05-08 10:05:46,29,31,5425,11369
2023-05-08 10:05:51,28,31,5425,11369
2023-05-08 10:06:06,28,30,5425,11369
2023-05-08 10:06:24,28,29,5425,11369
2023-05-08 10:06:25,29,30,5422,11372
2023-05-08 10:06:25,28,30,5422,11372
2023-05-08 10:06:29,30,31,5419,11375
2023-05-08 10:06:29,28,31,5419,11375
2023-05-08 10:06:44,29,31,5419,11375
2023-05-08 10:06:55,31,32,5419,11384
2023-05-08 10:06:55,29,32,5419,11384
2023-05-08 10:07:04,30,32,5419,11384
2023-05-08 10:07:37,31,32,5419,11384
2023-05-08 10:07:56,32,33,5419,11390
2023-05-08 10:07:57,31,33,5419,11390
2023-05-08 10:08:01,31,34,5419,11390
2023-05-08 10:08:01,31,35,5419,11390
2023-05-08 10:08:04,32,35,5419,11390
2023-05-08 10:08:09,32,34,5419,11390
2023-05-08 10:08:10,32,35,5419,11390
2023-05-08 10:08:12,32,34,5419,11390
2023-05-08 10:08:18,32,33,5419,11390
2023-05-08 10:08:26,31,32,5410,11399
2023-05-08 10:08:50,31,33,5410,11399
2023-05-08 10:08:51,31,32,5410,11399
2023-05-08 10:08:52,32,33,5410,11405
2023-05-08 10:08:52,31,33,5410,11405
2023-05-08 10:09:47,32,33,5410,11405
2023-05-08 10:09:48,33,34,5410,11411
2023-05-08 10:09:48,32,34,5410,11411
2023-05-08 10:09:48,32,35,5410,11411
2023-05-08 10:09:54,33,35,5410,11411
2023-05-08 10:10:08,33,34,5410,11411
2023-05-08 10:10:09,33,35,5410,11411
2023-05-08 10:10:10,33,34,5410,11411
2023-05-08 10:10:19,32,33,5401,11420
2023-05-08 10:10:24,31,33,5401,11420
2023-05-08 10:10:25,31,32,5401,11420
2023-05-08 10:10:47,30,31,5392,11435
2023-05-08 10:10:48,30,32,5392,11435
2023-05-08 10:10:58,30,31,5392,11435
2023-05-08 10:11:18,30,32,5392,11435
2023-05-08 10:11:33,30,34,5401,11450
2023-05-08 10:11:34,31,34,5401,11450
2023-05-08 10:11:42,31,35,5401,11450
2023-05-08 10:11:49,32,35,5401,11450
2023-05-08 10:11:51,33,35,5401,11450
2023-05-08 10:12:10,35,36,5407,11456
2023-05-08 10:12:13,33,36,5407,11456
2023-05-08 10:12:16,34,36,5407,11456
2023-05-08 10:12:16,34,37,5407,11456
2023-05-08 10:12:16,34,36,5407,11456
2023-05-08 10:13:39,34,36,5213,11656
2023-05-08 10:13:54,34,35,5213,11656
2023-05-08 10:14:00,33,34,5204,11665
2023-05-08 10:14:04,33,35,5204,11665
2023-05-08 10:14:06,33,34,5204,11665
2023-05-08 10:14:23,34,36,5204,11671
2023-05-08 10:14:23,33,36,5204,11671
2023-05-08 10:14:39,33,35,5204,11671
2023-05-08 10:14:41,33,36,5204,11671
2023-05-08 10:14:52,33,35,5204,11671
2023-05-08 10:15:03,33,36,5204,11671
2023-05-08 10:15:13,33,35,5204,11671
2023-05-08 10:15:16,33,34,5204,11671
2023-05-08 10:15:30,33,35,5204,11671
2023-05-08 10:15:33,33,36,5204,11671
2023-05-08 10:15:56,34,36,5204,11671
2023-05-08 10:16:18,34,37,5210,11677
2023-05-08 10:17:02,35,37,5210,11677
2023-05-08 10:17:22,36,37,5210,11677
2023-05-08 10:17:25,37,38,5210,11683
2023-05-08 10:17:25,36,38,5210,11683
2023-05-08 10:17:26,37,38,5210,11683
2023-05-08 10:17:42,35,37,5207,11686
2023-05-08 10:18:16,35,36,5207,11686
2023-05-08 10:18:20,34,35,5192,11701
2023-05-08 10:18:26,32,34,5180,11719
2023-05-08 10:18:32,32,33,5180,11719
2023-05-08 10:18:32,33,34,5177,11722
2023-05-08 10:18:32,32,34,5177,11722
2023-05-08 10:18:40,32,34,5177,11782
2023-05-08 10:18:40,32,33,5177,11782
2023-05-08 10:18:57,30,33,5177,11782
2023-05-08 10:18:58,30,32,5177,11782
2023-05-08 10:19:43,30,31,5177,11782
2023-05-08 10:20:26,29,31,5177,11782
2023-05-08 10:20:27,29,30,5177,11782
2023-05-08 10:20:47,30,31,5177,11785
2023-05-08 10:21:05,31,32,5177,11788
2023-05-08 10:21:05,30,32,5177,11788
2023-05-08 10:21:14,31,32,5177,11788
2023-05-08 10:21:18,32,33,5177,11794
2023-05-08 10:21:18,31,33,5177,11794
2023-05-08 10:21:38,32,33,5177,11794
2023-05-08 10:21:38,31,32,5168,11803
2023-05-08 10:21:39,31,32,5168,11812
2023-05-08 10:21:40,31,32,5168,11821
2023-05-08 10:21:41,31,32,5168,11830
2023-05-08 10:21:42,30,32,5168,11839
2023-05-08 10:21:43,30,31,5168,11839
2023-05-08 10:21:46,30,32,5168,11839
2023-05-08 10:21:46,30,33,5168,11839
2023-05-08 10:21:48,30,32,5168,11839
2023-05-08 10:21:49,30,33,5168,11839
2023-05-08 10:21:56,30,32,5168,11839
2023-05-08 10:22:20,30,31,5168,11839
2023-05-08 10:22:41,31,32,5177,11854
2023-05-08 10:22:55,30,32,5177,11854
2023-05-08 10:22:55,30,31,5177,11854
2023-05-08 10:22:56,30,32,5177,11854
2023-05-08 10:22:57,30,31,5177,11854
2023-05-08 10:23:03,29,30,5168,11911
2023-05-08 10:23:04,29,31,5168,11911
2023-05-08 10:23:31,29,30,5168,11911
2023-05-08 10:23:33,29,31,5168,11911
2023-05-08 10:23:34,29,30,5168,11911
2023-05-08 10:23:45,29,31,5168,11911
2023-05-08 10:23:57,29,30,5168,11911
2023-05-08 10:24:03,29,31,5168,11911
2023-05-08 10:24:23,31,32,5165,11923
2023-05-08 10:24:24,29,32,5165,11923
2023-05-08 10:24:35,30,32,5165,11923
2023-05-08 10:24:40,29,32,5165,11923
2023-05-08 10:24:42,30,32,5165,11923
2023-05-08 10:24:43,29,30,5168,11935
2023-05-08 10:24:44,30,32,5168,11973
2023-05-08 10:24:44,29,32,5168,11973
2023-05-08 10:25:29,30,32,5168,11973
2023-05-08 10:25:43,31,32,5168,11973
2023-05-08 10:25:46,30,32,5168,11973
2023-05-08 10:26:12,31,32,5168,11973
2023-05-08 10:26:17,30,32,5168,11973
2023-05-08 10:26:25,31,32,5168,11973
2023-05-08 10:26:26,32,33,5165,11988
2023-05-08 10:26:26,31,33,5165,11988
2023-05-08 10:26:27,31,34,5165,11988
2023-05-08 10:26:36,31,35,5165,11988
2023-05-08 10:26:36,32,35,5165,11988
2023-05-08 10:26:45,33,35,5165,11988
2023-05-08 10:26:48,35,36,5165,11994
2023-05-08 10:26:48,33,36,5165,11994
2023-05-08 10:26:52,33,35,5165,11994
2023-05-08 10:27:15,33,34,5165,11994
2023-05-08 10:29:02,34,35,5165,12000
2023-05-08 10:29:02,33,35,5165,12000
2023-05-08 10:29:08,35,37,5165,12006
2023-05-08 10:29:08,33,37,5165,12006
2023-05-08 10:29:13,33,36,5165,12006
2023-05-08 10:29:22,34,36,5165,12006
2023-05-08 10:30:03,34,35,5165,12006
2023-05-08 10:30:04,34,36,5165,12006
2023-05-08 10:30:05,34,35,5165,12006
2023-05-08 10:30:29,33,34,5144,12027
2023-05-08 10:30:30,33,35,5144,12027
2023-05-08 10:31:22,33,34,5144,12027
2023-05-08 10:31:30,33,35,5144,12027
2023-05-08 10:31:32,33,34,5144,12027
2023-05-08 10:31:33,33,35,5144,12027
2023-05-08 10:31:44,33,34,5144,12027
2023-05-08 10:32:08,32,33,5135,12048
2023-05-08 10:32:20,30,33,5135,12048
2023-05-08 10:32:22,30,34,5135,12048
2023-05-08 10:32:22,30,32,5135,12048
2023-05-08 10:32:24,32,34,5132,12051
2023-05-08 10:32:24,30,34,5132,12051
2023-05-08 10:32:38,31,34,5132,12051
2023-05-08 10:32:44,32,34,5132,12051
2023-05-08 10:32:45,31,34,5132,12051
2023-05-08 10:32:46,32,34,5132,12051
2023-05-08 10:32:48,34,35,5123,12069
2023-05-08 10:32:49,32,35,5123,12069
2023-05-08 10:32:57,35,36,5123,12075
2023-05-08 10:32:57,32,36,5123,12075
2023-05-08 10:32:57,32,37,5123,12075
2023-05-08 10:32:57,32,36,5123,12075
2023-05-08 10:32:59,32,37,5123,12075
2023-05-08 10:32:59,32,36,5123,12075
2023-05-08 10:33:00,32,37,5123,12075
2023-05-08 10:33:01,32,36,5123,12075
2023-05-08 10:33:07,33,36,5123,12075
2023-05-08 10:33:35,34,36,5123,12075
2023-05-08 10:33:35,36,37,5123,12081
2023-05-08 10:33:35,34,37,5123,12081
2023-05-08 10:33:39,35,37,5123,12081
2023-05-08 10:33:39,37,38,5123,12087
2023-05-08 10:33:39,35,38,5123,12087
2023-05-08 10:33:59,36,38,5123,12087
2023-05-08 10:34:01,36,39,5129,12493
2023-05-08 10:34:02,37,39,5129,12493
2023-05-08 10:34:12,38,39,5129,12493
2023-05-08 10:34:16,38,40,5129,12493
2023-05-08 10:34:22,39,40,5129,12493
2023-05-08 10:34:28,39,40,5129,12693
2023-05-08 10:34:38,39,41,5135,12699
2023-05-08 10:34:40,40,41,5135,12699
2023-05-08 10:34:41,40,42,5135,12699
2023-05-08 10:34:43,40,43,5135,12699
2023-05-08 10:34:46,41,43,5135,12699
2023-05-08 10:34:48,42,43,5135,12699
2023-05-08 10:35:33,42,44,5230,12794
2023-05-08 10:35:36,43,44,5230,12794
2023-05-08 10:35:48,42,43,5227,12797
2023-05-08 10:36:00,41,42,5227,12800
2023-05-08 10:36:00,41,43,5227,12800
2023-05-08 10:36:01,42,43,5227,12800
2023-05-08 10:36:02,41,42,5227,12806
2023-05-08 10:36:02,41,43,5227,12806
2023-05-08 10:36:07,39,43,5227,12806
2023-05-08 10:36:07,40,43,5227,12806
2023-05-08 10:36:16,40,42,5227,12806
2023-05-08 10:36:22,40,43,5227,12806
2023-05-08 10:36:22,40,42,5227,12806
2023-05-08 10:36:23,41,42,5227,12806
2023-05-08 10:36:28,40,41,5227,12809
2023-05-08 10:36:28,40,42,5227,12809
2023-05-08 10:36:34,39,42,5227,12809
2023-05-08 10:36:43,39,41,5227,12809
2023-05-08 10:36:46,40,41,5227,12809
2023-05-08 10:37:02,39,40,5227,12812
2023-05-08 10:37:02,39,41,5227,12812
2023-05-08 10:37:04,38,41,5227,12812
2023-05-08 10:37:11,39,41,5227,12812
2023-05-08 10:37:54,40,41,5227,12812
2023-05-08 10:38:11,39,40,5227,12815
2023-05-08 10:38:11,39,41,5227,12815
2023-05-08 10:38:16,40,41,5227,12815
2023-05-08 10:38:36,40,42,5227,12815
2023-05-08 10:38:37,41,42,5227,12815
2023-05-08 10:38:54,40,41,5227,12818
2023-05-08 10:38:54,40,42,5227,12818
2023-05-08 10:38:56,41,42,5227,12818
2023-05-08 10:38:57,40,41,5227,12821
2023-05-08 10:38:57,40,42,5227,12821
2023-05-08 10:39:16,39,40,5227,12824
2023-05-08 10:39:16,39,42,5227,12824
2023-05-08 10:39:22,39,41,5227,12824
2023-05-08 10:39:39,39,40,5227,12824
2023-05-08 10:39:42,37,39,5227,12827
2023-05-08 10:39:42,37,40,5227,12827
2023-05-08 10:40:02,38,40,5227,12827
2023-05-08 10:40:18,38,39,5227,12827
2023-05-08 10:40:29,37,38,5224,12830
2023-05-08 10:40:32,35,38,5224,12830
2023-05-08 10:40:43,35,39,5224,12830
2023-05-08 10:40:47,36,39,5224,12830
2023-05-08 10:41:06,37,39,5224,12830
2023-05-08 10:41:31,37,38,5224,12830
2023-05-08 10:41:37,36,37,5224,12833
2023-05-08 10:41:37,36,38,5224,12833
2023-05-08 10:41:41,36,37,5224,12833
2023-05-08 10:41:45,36,38,5224,12833
2023-05-08 10:41:49,36,37,5224,12833
2023-05-08 10:44:16,36,38,5224,12833
2023-05-08 10:44:16,36,39,5224,12833
2023-05-08 10:44:17,37,39,5224,12833
2023-05-08 10:44:48,37,38,5224,12833
2023-05-08 10:44:53,36,37,5224,12836
2023-05-08 10:44:53,36,38,5224,12836
2023-05-08 10:45:23,36,37,5224,12836
2023-05-08 10:45:24,35,37,5224,12836
2023-05-08 10:45:53,35,36,5224,12836
2023-05-08 10:47:02,34,35,5221,12839
2023-05-08 10:47:07,34,35,5221,13039
2023-05-08 10:47:08,32,35,5221,13039
2023-05-08 10:47:08,30,35,5221,13039
2023-05-08 10:47:08,32,35,5221,13039
2023-05-08 10:47:18,32,34,5221,13039
2023-05-08 10:47:58,31,32,5227,13045
2023-05-08 10:48:05,31,32,5427,13245
2023-05-08 10:48:09,32,33,5436,13263
2023-05-08 10:48:10,32,34,5436,13263
2023-05-08 10:48:10,32,33,5436,13263
2023-05-08 10:48:14,32,34,5436,13263
2023-05-08 10:48:27,32,34,5586,13413
2023-05-08 10:48:55,32,33,5586,13413
2023-05-08 10:48:58,31,33,5586,13413
2023-05-08 10:48:59,31,32,5586,13413
2023-05-08 10:49:31,30,31,5586,13419
2023-05-08 10:49:37,27,30,5592,13425
2023-05-08 10:49:37,27,31,5592,13425
2023-05-08 10:49:38,27,30,5592,13425
2023-05-08 10:49:46,27,29,5592,13425
2023-05-08 10:50:00,27,28,5592,13425
2023-05-08 10:50:17,28,29,5692,13525
2023-05-08 10:50:57,29,30,5689,13528
2023-05-08 10:50:57,28,30,5689,13528
2023-05-08 10:51:12,28,29,5689,13528
2023-05-08 10:51:32,27,29,5689,13528
2023-05-08 10:51:45,29,30,5686,13531
2023-05-08 10:51:45,27,30,5686,13531
2023-05-08 10:52:47,28,30,5686,13531
2023-05-08 10:52:51,27,30,5686,13531
2023-05-08 10:52:56,27,31,5686,13531
2023-05-08 10:53:29,27,30,5686,13531
2023-05-08 10:53:34,27,29,5686,13531
2023-05-08 10:53:46,28,29,5686,13531
2023-05-08 10:53:54,28,31,5686,13531
2023-05-08 10:54:37,28,30,5686,13531
2023-05-08 10:55:01,28,29,5686,13531
2023-05-08 10:55:43,26,29,5686,13531
2023-05-08 10:55:44,26,28,5686,13531
2023-05-08 10:56:37,26,27,5686,13531
2023-05-08 10:56:50,25,27,5686,13531
2023-05-08 10:56:52,25,26,5686,13531
2023-05-08 10:57:04,26,28,5683,13534
2023-05-08 10:57:04,25,28,5683,13534
2023-05-08 10:57:20,26,28,5683,13534
2023-05-08 10:57:53,27,28,5683,13534
2023-05-08 10:58:14,28,29,5683,13537
2023-05-08 10:58:22,27,29,5683,13537
2023-05-08 10:58:39,27,28,5683,13537
2023-05-08 10:59:46,28,29,5680,13540
2023-05-08 10:59:46,27,29,5680,13540
2023-05-08 10:59:56,28,29,5680,13540
2023-05-08 11:00:23,27,29,5680,13540
2023-05-08 11:00:28,28,29,5680,13540
2023-05-08 11:00:41,27,29,5680,13540
2023-05-08 11:00:49,27,28,5680,13540
2023-05-08 11:01:08,26,27,5680,13549
2023-05-08 11:01:20,26,28,5680,13549
2023-05-08 11:01:36,25,28,5680,13549
2023-05-08 11:01:45,26,28,5680,13549
2023-05-08 11:02:35,26,27,5680,13549
2023-05-08 11:03:13,27,28,5689,13567
2023-05-08 11:03:41,26,28,5689,13567
2023-05-08 11:03:59,27,28,5689,13567
2023-05-08 11:04:17,26,28,5689,13567
2023-05-08 11:04:38,27,28,5689,13567
2023-05-08 11:06:12,27,29,5689,13567
2023-05-08 11:06:13,28,29,5689,13567
2023-05-08 11:06:40,27,28,5686,13570
2023-05-08 11:06:42,27,29,5686,13570
2023-05-08 11:06:43,27,28,5686,13570
2023-05-08 11:06:44,27,29,5686,13570
2023-05-08 11:07:29,27,28,5686,13570
2023-05-08 11:07:30,27,29,5686,13570
2023-05-08 11:07:32,27,28,5686,13570
2023-05-08 11:07:34,27,29,5686,13570
2023-05-08 11:07:52,27,28,5686,13570
2023-05-08 11:08:04,26,27,5680,13582
2023-05-08 11:08:06,25,26,5692,13594
2023-05-08 11:08:06,25,27,5692,13594
2023-05-08 11:08:16,23,27,5692,13594
2023-05-08 11:08:17,23,26,5692,13594
2023-05-08 11:08:45,23,25,5692,13594
2023-05-08 11:09:32,23,24,5692,13594
2023-05-08 11:09:50,22,23,5692,13600
2023-05-08 11:10:00,21,22,5692,13606
2023-05-08 11:10:00,21,23,5692,13606
2023-05-08 11:10:14,21,22,5692,13606
2023-05-08 11:10:33,20,22,5692,13606
2023-05-08 11:10:34,20,21,5692,13606
2023-05-08 11:12:01,19,20,5692,13612
2023-05-08 11:12:25,18,19,5692,13618
2023-05-08 11:12:29,18,20,5692,13618
2023-05-08 11:12:40,18,19,5692,13618
2023-05-08 11:14:15,19,20,5683,13627
2023-05-08 11:14:15,18,20,5683,13627
2023-05-08 11:14:19,19,20,5683,13627
2023-05-08 11:14:55,19,20,5683,14027
2023-05-08 11:15:07,20,21,5683,14033
2023-05-08 11:15:11,21,23,5683,14039
2023-05-08 11:15:15,21,24,5683,14039
2023-05-08 11:15:25,21,23,5683,14039
2023-05-08 11:15:56,22,23,5683,14039
2023-05-08 11:18:32,21,22,5683,14049
2023-05-08 11:18:58,20,22,5683,14049
2023-05-08 11:18:58,20,21,5683,14049
2023-05-08 11:21:28,20,22,5683,14049
2023-05-08 11:22:22,22,23,5683,14058
2023-05-08 11:22:54,20,22,5683,14064
2023-05-08 11:22:55,20,23,5683,14064
2023-05-08 11:23:00,20,22,5683,14064
2023-05-08 11:24:16,20,21,5683,14064
2023-05-08 11:25:42,21,22,5683,14067
2023-05-08 11:25:46,20,22,5683,14067
2023-05-08 11:25:47,22,23,5683,14076
2023-05-08 11:26:23,22,26,5683,14076
2023-05-08 11:26:23,22,25,5683,14076
2023-05-08 11:26:43,22,24,5683,14076
2023-05-08 11:27:01,23,24,5683,14076
2023-05-08 11:27:07,22,24,5683,14076
2023-05-08 11:27:07,24,25,5683,14079
2023-05-08 11:27:19,25,28,5683,14082
2023-05-08 11:27:26,25,27,5683,14082
2023-05-08 11:27:52,25,26,5683,14082
2023-05-08 11:28:03,26,27,5683,14282
2023-05-08 11:28:03,26,27,5883,14482
2023-05-08 11:28:04,26,27,6083,14682
2023-05-08 11:28:07,26,27,6283,14882
2023-05-08 11:28:11,26,27,6483,15082
2023-05-08 11:29:00,27,29,6492,15097
2023-05-08 11:29:01,27,28,6492,15097
2023-05-08 11:29:36,27,30,6492,15097
2023-05-08 11:29:36,28,30,6492,15097
2023-05-08 11:30:24,28,31,6492,15097
2023-05-08 11:30:25,29,31,6492,15097
2023-05-08 11:31:08,30,31,6492,15097
2023-05-08 11:31:30,30,34,6492,15097
2023-05-08 11:31:31,31,34,6492,15097
2023-05-08 11:32:16,31,33,6492,15097
2023-05-08 11:32:34,29,33,6492,15097
2023-05-08 11:32:56,29,31,6492,15097
2023-05-08 11:32:58,28,29,6492,15100
2023-05-08 11:32:59,28,31,6492,15100
2023-05-08 11:33:07,28,30,6492,15100
2023-05-08 11:33:12,27,28,6492,15103
2023-05-08 11:33:12,27,30,6492,15103
2023-05-08 11:33:12,27,29,6492,15103
2023-05-08 11:33:13,27,28,6492,15103
2023-05-08 11:33:15,27,29,6492,15103
2023-05-08 11:33:18,28,29,6492,15103
2023-05-08 11:33:19,27,28,6492,15106
2023-05-08 11:33:19,27,29,6492,15106
2023-05-08 11:34:08,27,29,6692,15306
2023-05-08 11:34:08,27,28,6692,15306
2023-05-08 11:34:08,27,28,6898,15512
2023-05-08 11:34:13,27,28,7098,15712
2023-05-08 11:34:15,27,28,7189,15803
2023-05-08 11:34:18,27,28,7295,16003
2023-05-08 11:34:20,24,28,7389,16097
2023-05-08 11:34:22,23,28,7389,16097
2023-05-08 11:34:22,23,29,7389,16097
2023-05-08 11:34:22,23,28,7389,16097
2023-05-08 11:34:22,23,26,7389,16097
2023-05-08 11:34:32,23,25,7389,16097
2023-05-08 11:34:45,23,25,7389,16194
2023-05-08 11:34:53,23,24,7389,16194
2023-05-08 11:35:34,23,25,7389,16194
2023-05-08 11:37:17,22,25,7395,16200
2023-05-08 11:37:24,22,24,7395,16200
2023-05-08 11:37:24,22,24,7470,16284
2023-05-08 11:37:25,22,24,7494,16308
2023-05-08 11:37:26,21,24,7494,16308
2023-05-08 11:37:39,23,24,7494,16308
2023-05-08 11:37:39,23,24,7518,16332
2023-05-08 11:38:07,21,24,7518,16332
2023-05-08 11:38:28,21,23,7518,16332
2023-05-08 11:40:07,21,23,7564,16378
2023-05-08 11:40:21,21,22,7564,16378
2023-05-08 11:40:34,21,23,7564,16378
2023-05-08 11:40:36,21,22,7564,16378
2023-05-08 11:43:41,20,21,7564,16394
2023-05-08 11:44:09,18,20,7564,16407
2023-05-08 11:44:21,18,21,7564,16407
2023-05-08 11:44:21,18,20,7564,16407
2023-05-08 11:44:27,18,21,7564,16407
2023-05-08 11:44:27,18,20,7564,16407
2023-05-08 11:44:32,18,19,7564,16407
2023-05-08 11:46:30,17,18,7615,16522
2023-05-08 11:46:31,17,18,7711,16618
2023-05-08 11:46:31,17,19,7711,16618
2023-05-08 11:46:31,17,18,7711,16618
2023-05-08 11:50:30,16,18,7771,16678
2023-05-08 11:50:39,16,17,7771,16678
2023-05-08 11:50:55,15,17,7877,16784
2023-05-08 11:51:22,15,16,7877,16784
2023-05-08 11:51:36,15,16,7977,16884
2023-05-08 11:51:43,15,16,8052,16959
2023-05-08 11:52:36,14,15,8133,17040
2023-05-08 11:54:01,13,14,8139,17046
2023-05-08 11:54:36,13,14,8230,17137
2023-05-08 11:54:42,13,14,8320,17227
2023-05-08 11:54:44,13,14,8330,17237
2023-05-08 11:54:51,11,13,8395,17302
2023-05-08 11:54:54,11,12,8395,17302
2023-05-08 11:55:26,12,14,8395,17305
2023-05-08 11:55:28,12,13,8395,17305
2023-05-08 11:55:39,12,13,8395,17312
2023-05-08 11:55:53,12,13,8395,17317
2023-05-08 11:56:20,12,14,8395,17317
2023-05-08 11:56:43,11,12,8401,17323
2023-05-08 11:57:29,11,12,8423,17345
2023-05-08 12:00:17,11,12,8426,17348
2023-05-08 12:00:52,11,12,8506,17428
2023-05-08 12:00:53,11,12,8521,17443
2023-05-08 12:01:11,9,11,8657,17579
2023-05-08 12:01:12,9,12,8657,17579
2023-05-08 12:01:20,9,11,8657,17579
2023-05-08 12:01:21,9,12,8657,17588
2023-05-08 12:01:33,9,11,8657,17588
2023-05-08 12:02:22,10,11,8657,17588
2023-05-08 12:03:38,10,11,8658,17589
2023-05-08 12:04:06,11,12,8656,17591
2023-05-08 12:04:18,12,13,8648,17599
2023-05-08 12:04:18,11,13,8648,17599
2023-05-08 12:04:24,11,14,8648,17608
2023-05-08 12:04:25,13,14,8648,17608
2023-05-08 12:04:56,11,14,8648,17608
2023-05-08 12:04:56,12,14,8648,17608
2023-05-08 12:05:28,13,14,8648,17608
2023-05-08 12:06:34,12,14,8648,17608
2023-05-08 12:06:35,12,13,8648,17608
2023-05-08 12:07:18,11,12,8652,17612
2023-05-08 12:07:58,11,13,8652,17612
2023-05-08 12:08:19,11,12,8652,17612
2023-05-08 12:13:08,12,13,8652,17618
2023-05-08 12:13:38,13,14,8652,17624
2023-05-08 12:14:39,12,14,8652,17624
2023-05-08 12:14:40,12,13,8652,17624
2023-05-08 12:15:09,13,14,8652,17626
2023-05-08 12:15:34,14,15,8652,17635
2023-05-08 12:16:56,15,18,8655,17640
2023-05-08 12:17:08,15,17,8655,17640
2023-05-08 12:17:35,15,16,8655,17640
2023-05-08 12:17:47,15,17,8655,17640
2023-05-08 12:17:54,15,16,8655,17640
2023-05-08 12:19:39,14,15,8655,17649
2023-05-08 12:21:35,14,15,8661,17655
2023-05-08 12:23:14,13,14,8670,17664
2023-05-08 12:23:18,13,15,8670,17664
2023-05-08 12:23:21,13,14,8670,17664
2023-05-08 12:25:54,12,14,8670,17664
2023-05-08 12:25:55,12,13,8670,17664
2023-05-08 12:26:05,10,13,8678,17872
2023-05-08 12:26:10,11,13,8678,17872
2023-05-08 12:26:26,12,13,8678,17872
2023-05-08 12:26:29,11,13,8678,17872
2023-05-08 12:26:29,12,13,8678,17872
2023-05-08 12:27:50,12,14,8678,17872
2023-05-08 12:29:38,12,13,8678,17872
2023-05-08 12:31:40,11,12,8690,17884
2023-05-08 12:31:51,11,13,8690,17884
2023-05-08 12:33:26,11,12,8690,17884
2023-05-08 12:33:32,12,13,8676,17898
2023-05-08 12:33:32,11,13,8676,17898
2023-05-08 12:33:44,13,14,8662,17912
2023-05-08 12:33:44,11,14,8662,17912
2023-05-08 12:33:53,12,14,8662,17912
2023-05-08 12:34:00,11,14,8662,17912
2023-05-08 12:34:00,12,14,8662,17912
2023-05-08 12:34:17,14,15,8644,17930
2023-05-08 12:34:17,12,15,8644,17930
2023-05-08 12:34:18,13,15,8644,17930
2023-05-08 12:34:29,15,17,8641,17959
2023-05-08 12:34:29,13,17,8641,17959
2023-05-08 12:34:29,13,16,8641,17959
2023-05-08 12:34:29,13,17,8641,17959
2023-05-08 12:34:31,14,17,8641,17959
2023-05-08 12:34:32,14,18,8641,17959
2023-05-08 12:34:32,14,17,8641,17959
2023-05-08 12:34:36,14,16,8641,17959
2023-05-08 12:34:43,15,16,8641,17959
2023-05-08 12:34:43,15,18,8641,17959
2023-05-08 12:34:43,15,16,8641,17959
2023-05-08 12:36:58,14,15,8643,17980
2023-05-08 12:37:01,12,14,8664,18001
2023-05-08 12:37:10,12,13,8664,18001
2023-05-08 12:37:34,11,13,8664,18001
2023-05-08 12:38:00,10,11,8668,18005
2023-05-08 12:38:01,11,13,8668,18034
2023-05-08 12:38:01,10,13,8668,18034
2023-05-08 12:39:01,10,12,8668,18034
2023-05-08 12:39:28,10,11,8668,18034
2023-05-08 12:40:57,11,12,8668,18040
2023-05-08 12:43:03,12,13,8668,18046
2023-05-08 12:43:07,11,13,8668,18046
2023-05-08 12:43:35,12,13,8668,18046
2023-05-08 12:43:35,13,14,8668,18052
2023-05-08 12:43:39,12,13,8862,18246
2023-05-08 12:43:41,12,14,8862,18246
2023-05-08 12:43:44,12,13,8862,18246
2023-05-08 12:44:13,11,13,8862,18246
2023-05-08 12:44:13,11,12,8862,18246
2023-05-08 12:44:31,11,12,8864,18248
2023-05-08 12:46:07,12,13,8860,18252
2023-05-08 12:46:07,11,13,8860,18252
2023-05-08 12:46:12,11,12,8860,18252
2023-05-08 12:46:19,12,13,8858,18254
2023-05-08 12:46:19,11,13,8858,18254
2023-05-08 12:46:28,12,13,8858,18254
2023-05-08 12:48:31,13,14,8858,18258
2023-05-08 12:49:03,12,13,8858,18262
2023-05-08 12:49:34,11,13,8858,18262
2023-05-08 12:49:34,12,13,8858,18262
2023-05-08 12:50:04,11,13,8858,18262
2023-05-08 12:50:05,11,12,8858,18262
2023-05-08 12:50:09,11,12,8858,18270
2023-05-08 12:52:36,10,11,8858,18283
2023-05-08 12:54:42,9,10,8877,18302
2023-05-08 12:55:22,8,9,8892,18317
2023-05-08 12:55:43,9,10,8886,18508
2023-05-08 12:55:44,8,10,8886,18508
2023-05-08 12:55:49,9,10,8886,18508
2023-05-08 12:56:19,9,10,8885,18509
2023-05-08 12:56:46,8,9,8889,18513
2023-05-08 12:57:02,8,9,9089,18713
2023-05-08 12:57:51,7,8,9155,18779
2023-05-08 12:58:17,7,8,9265,18889
2023-05-08 12:58:35,7,8,9292,18916
2023-05-08 12:59:07,7,8,9792,19416
2023-05-08 12:59:08,6,8,9792,19416
2023-05-08 12:59:13,7,8,9792,19416
2023-05-08 12:59:13,8,9,9792,19430
2023-05-08 13:00:02,8,9,9858,19496
2023-05-08 13:00:09,8,9,9924,19562
2023-05-08 13:00:14,6,8,9928,19566
2023-05-08 13:00:17,7,8,9928,19566
2023-05-08 13:00:19,7,9,9928,19566
2023-05-08 13:00:20,7,8,9928,19566
2023-05-08 13:02:49,8,9,9918,19576
2023-05-08 13:02:49,7,9,9918,19576
2023-05-08 13:03:03,8,9,9918,19576
2023-05-08 13:03:03,9,10,9922,19588
2023-05-08 13:03:27,9,10,10122,19788
2023-05-08 13:03:36,8,9,10118,19794
2023-05-08 13:05:10,9,10,10116,19802
2023-05-08 13:05:10,9,10,10116,19812
2023-05-08 13:05:38,9,11,10116,19812
2023-05-08 13:05:38,10,11,10116,19812
2023-05-08 13:07:33,9,10,10116,19814
2023-05-08 13:07:53,9,10,10116,19818
2023-05-08 13:08:25,8,9,10120,19822
2023-05-08 13:08:26,8,10,10120,19822
2023-05-08 13:08:28,8,9,10120,19822
2023-05-08 13:08:33,7,9,10120,19822
2023-05-08 13:08:34,7,8,10120,19822
2023-05-08 13:10:33,6,7,10124,19826
2023-05-08 13:11:30,6,7,10125,19827
2023-05-08 13:12:00,5,6,10128,19830
2023-05-08 13:17:54,5,6,10328,20030
2023-05-08 13:18:00,5,6,10378,20080
2023-05-08 13:18:09,3,5,10382,20084
2023-05-08 13:18:19,3,4,10382,20084
2023-05-08 13:18:56,4,5,10380,20086
2023-05-08 13:18:56,3,5,10380,20086
2023-05-08 13:19:01,3,4,10380,20086
2023-05-08 13:19:48,4,5,10378,20088
2023-05-08 13:19:48,3,5,10378,20088
2023-05-08 13:19:53,3,5,10425,20135
2023-05-08 13:20:01,3,4,10425,20135
2023-05-08 13:20:01,4,5,10423,20137
2023-05-08 13:20:01,3,5,10423,20137
2023-05-08 13:20:05,4,5,10423,20137
2023-05-08 13:20:06,4,5,10427,20141
2023-05-08 13:27:54,3,4,10452,20166
2023-05-08 13:27:55,4,5,10452,20177
2023-05-08 13:27:55,3,5,10452,20177
2023-05-08 13:28:04,3,4,10452,20177
2023-05-08 13:28:05,4,5,10446,20183
2023-05-08 13:28:05,3,5,10446,20183
2023-05-08 13:29:22,3,4,10446,20183
2023-05-08 13:29:23,4,5,10444,20185
2023-05-08 13:29:23,3,5,10444,20185
2023-05-08 13:29:43,3,4,10444,20185
2023-05-08 13:29:44,4,5,10442,20187
2023-05-08 13:29:44,3,5,10442,20187
2023-05-08 13:30:04,3,4,10442,20187
2023-05-08 13:30:04,4,5,10440,20189
2023-05-08 13:30:04,3,5,10440,20189
2023-05-08 13:30:22,3,4,10440,20189
2023-05-08 13:30:24,4,5,10438,20191
2023-05-08 13:30:24,3,5,10438,20191
2023-05-08 13:30:33,3,4,10438,20191
2023-05-08 13:33:57,3,4,10538,20291
2023-05-08 13:37:01,3,4,10738,20491
2023-05-08 13:48:31,3,4,10754,20507
2023-05-08 13:51:22,3,4,10764,20517
2023-05-08 13:51:23,3,4,10774,20527
2023-05-08 13:51:24,3,4,10784,20537
2023-05-08 13:51:25,3,4,10794,20547
2023-05-08 13:51:26,3,4,10804,20557
2023-05-08 13:51:27,3,4,10814,20567
2023-05-08 13:51:28,3,4,10824,20577
2023-05-08 13:51:29,3,4,10834,20587
2023-05-08 13:51:30,3,4,10844,20597
2023-05-08 13:51:31,3,4,10854,20607
2023-05-08 13:51:32,3,4,10864,20617
2023-05-08 13:51:33,3,4,10874,20627
2023-05-08 13:51:36,3,4,10884,20637
2023-05-08 13:51:37,3,4,10894,20647
2023-05-08 13:51:38,3,4,10904,20657
2023-05-08 13:51:39,3,4,10914,20667
2023-05-08 13:51:40,3,4,10924,20677
2023-05-08 13:51:41,3,4,10934,20687
2023-05-08 13:51:42,2,3,10943,20696
2023-05-08 13:58:21,2,4,11184,20946
2023-05-08 13:58:39,3,4,11184,20946
2023-05-08 14:05:46,4,5,11184,20950
2023-05-08 14:05:46,3,5,11184,20950
2023-05-08 14:05:48,4,5,11184,20950
2023-05-08 14:06:05,3,5,11184,20950
2023-05-08 14:06:20,4,5,11184,20950
2023-05-08 14:06:41,4,5,11184,20954
2023-05-08 14:06:41,4,5,11184,20958
2023-05-08 14:06:47,4,6,11184,20968
2023-05-08 14:06:47,5,6,11184,20968
2023-05-08 14:06:47,5,6,11184,20971
2023-05-08 14:06:47,5,6,11184,20974
2023-05-08 14:06:47,5,8,11184,20974
2023-05-08 14:06:48,6,8,11184,20974
2023-05-08 14:07:04,6,7,11184,20974
2023-05-08 14:07:05,7,8,11184,20983
2023-05-08 14:07:05,7,8,11184,20992
2023-05-08 14:07:05,7,8,11184,21001
2023-05-08 14:07:05,6,7,11184,21174
2023-05-08 14:07:05,5,7,11184,21296
2023-05-08 14:07:07,6,7,11184,21296
2023-05-08 14:07:07,6,7,11184,21496
2023-05-08 14:07:08,8,9,11184,21527
2023-05-08 14:07:08,7,9,11184,21696
2023-05-08 14:07:08,7,8,11184,21696
2023-05-08 14:07:08,7,8,11184,21723
2023-05-08 14:07:13,8,13,11184,21874
2023-05-08 14:07:13,10,13,11184,21874
2023-05-08 14:07:13,10,12,11184,21874
2023-05-08 14:07:13,10,13,11184,21874
2023-05-08 14:07:14,10,12,11184,21876
2023-05-08 14:07:14,8,12,11184,21876
2023-05-08 14:07:15,7,12,11184,21876
2023-05-08 14:07:16,8,12,11184,21876
2023-05-08 14:07:18,10,12,11184,21876
2023-05-08 14:07:22,11,12,11184,21876
2023-05-08 14:07:22,11,15,11184,21876
2023-05-08 14:07:22,11,15,11184,21876
2023-05-08 14:07:22,11,15,11184,21876
2023-05-08 14:07:23,13,14,11184,21876
2023-05-08 14:07:23,13,15,11184,21876
2023-05-08 14:07:24,13,16,11184,21876
2023-05-08 14:07:24,13,15,11184,21876
2023-05-08 14:07:24,13,17,11184,21876
2023-05-08 14:07:25,11,17,11184,21876
2023-05-08 14:07:26,11,16,11184,21876
2023-05-08 14:07:26,14,16,11184,21876
2023-05-08 14:07:27,13,14,11184,21878
2023-05-08 14:07:27,13,16,11184,21878
2023-05-08 14:07:27,13,17,11184,21878
2023-05-08 14:07:27,13,16,11184,21878
2023-05-08 14:07:27,13,17,11184,21878
2023-05-08 14:07:37,13,16,11184,21878
2023-05-08 14:07:42,14,16,11184,21878
2023-05-08 14:07:42,14,17,11184,21878
2023-05-08 14:07:46,14,17,10984,22078
2023-05-08 14:07:47,16,17,10984,22078
2023-05-08 14:07:55,16,17,11184,22278
2023-05-08 14:08:01,17,20,11184,22282
2023-05-08 14:08:02,18,20,11184,22282
2023-05-08 14:08:07,19,20,11184,22282
2023-05-08 14:08:08,19,23,11184,22282
2023-05-08 14:08:08,19,22,11184,22282
2023-05-08 14:08:12,20,22,11184,22282
2023-05-08 14:08:22,21,22,11184,22282
2023-05-08 14:08:23,21,22,11184,22283
2023-05-08 14:08:27,22,25,11184,22286
2023-05-08 14:08:31,22,27,11184,22286
2023-05-08 14:08:31,22,28,11184,22286
2023-05-08 14:08:31,22,26,11184,22286
2023-05-08 14:08:31,23,26,11184,22286
2023-05-08 14:08:35,24,26,11184,22286
2023-05-08 14:08:41,23,24,11182,22288
2023-05-08 14:08:43,21,24,11182,22288
2023-05-08 14:08:44,20,24,11182,22288
2023-05-08 14:08:54,19,24,11182,22288
2023-05-08 14:08:54,19,23,11182,22288
2023-05-08 14:08:58,20,23,11182,22288
2023-05-08 14:08:59,20,22,11182,22288
2023-05-08 14:09:01,20,21,11182,22288
2023-05-08 14:09:03,17,20,11178,22292
2023-05-08 14:09:09,17,21,11178,22292
2023-05-08 14:09:11,17,20,11178,22292
2023-05-08 14:09:13,16,20,11178,22292
2023-05-08 14:09:21,17,20,11178,22292
2023-05-08 14:09:43,17,22,11178,22292
2023-05-08 14:09:43,17,21,11178,22292
2023-05-08 14:09:49,17,19,11178,22292
2023-05-08 14:09:49,17,18,11178,22292
2023-05-08 14:10:00,17,19,11178,22292
2023-05-08 14:10:26,18,19,11178,22292
2023-05-08 14:10:40,18,22,11178,22292
2023-05-08 14:10:40,18,21,11178,22292
2023-05-08 14:10:40,19,21,11178,22292
2023-05-08 14:10:42,19,22,11178,22292
2023-05-08 14:10:46,19,21,11178,22292
2023-05-08 14:11:07,19,20,11178,22292
2023-05-08 14:11:15,17,20,11178,22294
2023-05-08 14:11:15,17,19,11178,22294
2023-05-08 14:11:15,17,18,11178,22294
2023-05-08 14:11:15,17,18,11178,22296
2023-05-08 14:11:15,17,19,11178,22296
2023-05-08 14:11:15,17,18,11178,22296
2023-05-08 14:11:20,17,19,11178,22296
2023-05-08 14:11:29,15,18,10970,22546
2023-05-08 14:11:29,15,17,10970,22546
2023-05-08 14:11:34,15,16,10970,22546
2023-05-08 14:11:38,15,17,10970,22546
2023-05-08 14:11:41,15,16,10970,22546
2023-05-08 14:12:02,15,16,11160,22738
2023-05-08 14:12:02,15,16,11226,22804
2023-05-08 14:12:02,15,16,11292,22870
2023-05-08 14:12:02,15,16,11352,22930
2023-05-08 14:12:02,15,16,11418,22996
2023-05-08 14:12:02,15,16,11618,23196
2023-05-08 14:12:02,15,16,11818,23396
2023-05-08 14:12:02,13,15,12051,23629
2023-05-08 14:12:05,12,15,12051,23629
2023-05-08 14:12:11,12,14,12051,23629
2023-05-08 14:12:14,11,14,12051,23629
2023-05-08 14:12:24,11,13,12051,23629
2023-05-08 14:12:25,12,13,12051,23629
2023-05-08 14:12:25,12,14,12051,23629
2023-05-08 14:13:19,12,13,12051,23629
2023-05-08 14:13:20,12,14,12051,23629
2023-05-08 14:13:47,12,13,12051,23629
2023-05-08 14:14:12,11,12,12049,23631
2023-05-08 14:14:41,11,13,12049,23631
2023-05-08 14:15:01,10,11,12049,23633
2023-05-08 14:15:06,10,11,12049,23636
2023-05-08 14:15:08,10,13,12049,23636
2023-05-08 14:15:13,10,12,12049,23636
2023-05-08 14:15:21,10,11,12049,23636
2023-05-08 14:15:42,10,12,12049,23636
2023-05-08 14:16:11,10,11,12049,23636
2023-05-08 14:16:11,10,12,12049,23636
2023-05-08 14:16:14,10,11,12049,23636
2023-05-08 14:16:29,8,10,12052,23639
2023-05-08 14:16:30,8,9,12052,23639
2023-05-08 14:16:30,7,9,12052,23639
2023-05-08 14:16:34,6,9,12052,23639
2023-05-08 14:17:07,6,8,12052,23639
2023-05-08 14:17:30,6,8,12052,23640
2023-05-08 14:17:33,6,7,12052,23640
2023-05-08 14:20:05,5,6,12167,23755
2023-05-08 14:20:45,4,5,12171,23759
2023-05-08 14:21:28,3,5,12171,23759
2023-05-08 14:21:28,3,4,12171,23759
2023-05-08 14:23:50,2,4,12175,23763
2023-05-08 14:23:54,2,3,12175,23763
2023-05-08 14:23:54,3,4,12169,23769
2023-05-08 14:23:54,2,4,12169,23769
2023-05-08 14:24:13,2,3,12169,23769
2023-05-08 14:24:15,3,4,12167,23771
2023-05-08 14:24:15,2,4,12167,23771
2023-05-08 14:24:31,2,3,12167,23771
2023-05-08 14:24:31,3,4,12165,23773
2023-05-08 14:24:31,2,4,12165,23773
2023-05-08 14:24:50,2,3,12165,23773
2023-05-08 14:25:20,3,4,12163,23775
2023-05-08 14:25:20,2,4,12163,23775
2023-05-08 14:25:47,2,3,12163,23775
2023-05-08 14:26:32,3,4,12163,23777
2023-05-08 14:30:18,3,4,12363,23977
2023-05-08 14:30:21,2,4,12363,23977
2023-05-08 14:30:27,2,3,12363,23977
2023-05-08 14:33:33,3,4,12363,23983
2023-05-08 14:34:01,2,3,12367,23987
2023-05-08 14:34:20,3,4,12404,24024
2023-05-08 14:34:20,3,4,12404,24030
2023-05-08 14:34:55,2,4,12404,24030
2023-05-08 14:34:56,2,3,12404,24030
2023-05-08 14:35:13,1,2,12404,24034
2023-05-08 14:35:33,1,2,12404,24035
2023-05-08 14:35:34,1,2,12594,24225
2023-05-08 14:35:45,3,4,12597,24234
2023-05-08 14:36:17,1,4,12597,24236
2023-05-08 14:36:22,2,4,12597,24236
2023-05-08 14:36:23,2,3,12597,24236
2023-05-08 14:46:12,2,3,12599,24238
2023-05-08 14:46:52,2,3,12597,24638
2023-05-08 14:46:53,2,4,12597,24638
2023-05-08 14:46:53,2,3,12597,24638
2023-05-08 14:48:00,2,3,12597,24642
2023-05-08 14:49:15,2,3,12599,24644
2023-05-08 14:49:16,2,3,12601,24646
2023-05-08 14:51:07,2,3,12602,24647
2023-05-08 14:56:56,1,2,12603,24648
2023-05-08 15:00:06,1,2,12616,24661
2023-05-08 15:01:10,1,2,12635,24680
2023-05-08 15:02:34,1,2,12636,24681
2023-05-08 15:02:41,1,2,12637,24682
2023-05-08 15:06:26,1,2,12647,24692
2023-05-08 15:06:27,1,2,12657,24702
2023-05-08 15:06:27,1,2,12764,24809
2023-05-08 15:06:35,1,2,12795,24840
2023-05-08 15:07:29,1,2,12826,24871
2023-05-08 15:07:33,1,2,12841,24886
2023-05-08 15:07:44,1,2,12872,24917
2023-05-08 15:08:12,1,2,12882,24927
2023-05-08 15:08:13,1,2,12892,24937
2023-05-08 15:08:16,1,2,12922,24967
2023-05-08 15:08:32,1,2,12969,25014
2023-05-08 15:10:08,1,2,12985,25030
2023-05-08 15:11:38,1,2,13004,25049
2023-05-08 15:11:49,1,2,13026,25071
2023-05-08 15:16:38,1,2,13075,25120
2023-05-08 15:16:38,1,2,13124,25169
2023-05-08 15:16:47,1,4,13368,25419
2023-05-08 15:16:47,1,4,13386,25437
2023-05-08 15:16:48,1,3,13386,25437
2023-05-08 15:16:59,2,3,13386,25437
2023-05-08 15:18:42,1,3,13389,25459
2023-05-08 15:22:21,1,3,13416,25486
2023-05-08 15:24:49,1,2,13416,25486
2023-05-08 15:24:49,1,3,13416,25486
2023-05-08 15:27:40,1,15,13835,25908
2023-05-08 15:27:40,1,14,13835,25908
2023-05-08 15:27:50,2,14,13835,25908
2023-05-08 15:28:15,1,14,13838,25916
2023-05-08 15:28:51,1,8,13838,25916
2023-05-08 15:28:51,1,7,13838,25916
2023-05-08 15:29:03,1,6,13838,25916
2023-05-08 15:29:03,1,7,13838,25916
2023-05-08 15:29:03,1,6,13838,25916
2023-05-08 15:29:06,1,7,13838,25916
2023-05-08 15:29:06,1,6,13838,25916
2023-05-08 15:29:19,1,6,13843,25921
2023-05-08 15:29:52,1,6,13846,25924
2023-05-08 15:29:52,1,6,13849,25927
2023-05-08 15:29:52,1,6,13916,25994
2023-05-08 15:29:52,1,6,13983,26061
2023-05-08 15:29:56,1,6,14014,26092
2023-05-08 15:29:56,1,5,14014,26092
2023-05-08 15:31:23,1,5,14035,26113
2023-05-08 15:31:26,1,4,14035,26113
2023-05-08 15:31:58,1,5,14035,26113
2023-05-08 15:31:59,1,4,14035,26113
2023-05-08 15:32:10,1,15,14035,26113
2023-05-08 15:32:10,1,14,14035,26113
2023-05-08 15:32:11,1,15,14035,26113
2023-05-08 15:32:13,1,15,14035,26113
2023-05-08 15:32:22,1,13,14035,26113
2023-05-08 15:32:22,1,12,14035,26113
2023-05-08 15:33:01,1,10,14035,26113
2023-05-08 15:33:02,1,9,14035,26113
2023-05-08 15:33:04,1,9,14058,26136
2023-05-08 15:33:06,1,10,14057,26141
2023-05-08 15:33:06,1,9,14057,26141
2023-05-08 15:33:26,1,3,14057,26141
2023-05-08 15:33:30,1,2,14057,26141
2023-05-08 15:33:50,1,10,14060,26247
2023-05-08 15:33:50,1,9,14060,26247
2023-05-08 15:33:57,1,10,14060,26247
2023-05-08 15:33:58,1,10,14060,26247
2023-05-08 15:33:58,1,9,14060,26247
2023-05-08 15:33:58,1,10,14060,26247
2023-05-08 15:34:08,2,9,14060,26247
2023-05-08 15:34:12,1,9,14063,26253
2023-05-08 15:34:21,1,8,14063,26253
2023-05-08 15:34:22,1,9,14063,26253
2023-05-08 15:34:22,1,8,14063,26253
2023-05-08 15:34:24,1,9,14063,26253
2023-05-08 15:34:24,1,8,14063,26253
2023-05-08 15:34:24,1,9,14063,26253
2023-05-08 15:34:24,1,8,14063,26253
2023-05-08 15:34:24,1,9,14063,26253
2023-05-08 15:34:24,1,8,14063,26253
2023-05-08 15:34:28,1,3,14063,26253
2023-05-08 15:34:30,1,2,14063,26253
2023-05-08 15:34:31,1,2,14206,26396
2023-05-08 15:35:10,1,2,14262,26452
2023-05-08 15:35:15,1,2,14316,26506
2023-05-08 15:36:44,1,2,14395,26585
2023-05-08 15:38:57,1,2,14409,26599
2023-05-08 15:39:16,1,2,14425,26615
2023-05-08 15:39:16,1,2,14441,26631
2023-05-08 15:39:16,1,2,14455,26645
2023-05-08 15:39:43,0,2,14607,27715
2023-05-08 15:44:17,0,1,14607,27715
2023-05-08 15:44:17,0,2,14607,27715
2023-05-08 15:49:08,0,1,14607,27715
