datetime,bid,ask,open_interest,volume
2023-01-25 09:30:06,16,20,135,185
2023-01-25 09:30:06,16,30,135,185
2023-01-25 09:30:06,20,30,135,185
2023-01-25 09:30:07,20,28,135,185
2023-01-25 09:30:35,16,28,135,185
2023-01-25 09:30:35,18,28,135,185
2023-01-25 09:30:35,18,26,135,185
2023-01-25 09:30:43,16,26,135,185
2023-01-25 09:30:43,16,30,135,185
2023-01-25 09:30:44,16,28,135,185
2023-01-25 09:30:44,20,28,135,185
2023-01-25 09:30:59,22,28,135,185
2023-01-25 09:31:00,22,30,135,185
2023-01-25 09:31:50,22,32,160,285
2023-01-25 09:31:50,26,32,160,285
2023-01-25 09:32:13,28,32,160,285
2023-01-25 09:32:26,28,38,165,290
2023-01-25 09:32:41,28,38,175,300
2023-01-25 09:32:47,26,38,175,300
2023-01-25 09:32:48,30,38,175,300
2023-01-25 09:33:48,28,38,175,300
2023-01-25 09:34:43,26,38,175,300
2023-01-25 09:35:13,22,38,175,300
2023-01-25 09:35:13,28,38,175,300
2023-01-25 09:36:15,28,58,175,300
2023-01-25 09:36:16,28,33,175,300
2023-01-25 09:36:18,26,33,175,300
2023-01-25 09:38:09,22,33,175,300
2023-01-25 09:38:09,24,33,175,300
2023-01-25 09:38:27,20,33,175,300
2023-01-25 09:38:27,19,33,175,300
2023-01-25 09:38:27,22,33,175,300
2023-01-25 09:39:05,20,33,175,300
2023-01-25 09:39:05,24,33,175,300
2023-01-25 09:40:37,22,33,175,300
2023-01-25 09:40:48,22,29,175,300
2023-01-25 09:40:48,18,29,175,300
2023-01-25 09:40:48,16,29,175,300
2023-01-25 09:40:48,20,29,175,300
2023-01-25 09:40:49,20,27,175,300
2023-01-25 09:40:49,20,25,175,300
2023-01-25 09:41:19,20,27,175,300
2023-01-25 09:41:19,20,29,175,300
2023-01-25 09:41:19,20,22,175,300
2023-01-25 09:41:22,18,22,175,300
2023-01-25 09:41:47,18,24,175,300
2023-01-25 09:41:47,18,23,175,300
2023-01-25 09:41:48,18,21,175,300
2023-01-25 09:42:10,20,21,175,300
2023-01-25 09:42:13,20,21,265,400
2023-01-25 09:42:29,20,22,265,400
2023-01-25 09:42:51,20,23,265,400
2023-01-25 09:43:31,18,23,265,400
2023-01-25 09:43:31,22,23,265,400
2023-01-25 09:43:48,22,24,265,400
2023-01-25 09:44:19,22,26,265,400
2023-01-25 09:44:19,22,25,265,400
2023-01-25 09:44:39,22,24,265,400
2023-01-25 09:44:53,22,23,265,400
2023-01-25 09:45:11,22,23,265,405
2023-01-25 09:45:12,20,23,265,405
2023-01-25 09:45:21,20,24,265,405
2023-01-25 09:45:24,19,24,265,405
2023-01-25 09:45:47,20,24,265,405
2023-01-25 09:46:18,21,24,265,405
2023-01-25 09:46:18,21,25,265,405
2023-01-25 09:46:46,21,26,265,405
2023-01-25 09:47:11,22,26,265,405
2023-01-25 09:47:13,21,26,265,405
2023-01-25 09:47:47,21,25,265,405
2023-01-25 09:47:48,20,25,265,405
2023-01-25 09:48:18,20,26,265,405
2023-01-25 09:48:19,20,24,265,405
2023-01-25 09:48:25,21,24,265,405
2023-01-25 09:48:27,20,24,265,405
2023-01-25 09:48:35,21,24,265,405
2023-01-25 09:48:37,20,24,265,405
2023-01-25 09:48:37,21,24,265,405
2023-01-25 09:48:38,20,24,265,405
2023-01-25 09:48:42,21,24,265,405
2023-01-25 09:48:46,20,24,265,405
2023-01-25 09:48:47,20,26,265,405
2023-01-25 09:48:49,21,26,265,405
2023-01-25 09:49:29,23,26,265,405
2023-01-25 09:49:31,22,26,265,405
2023-01-25 09:49:32,21,26,265,405
2023-01-25 09:49:33,22,26,265,405
2023-01-25 09:49:34,23,26,265,405
2023-01-25 09:49:41,22,26,265,405
2023-01-25 09:49:46,22,28,265,405
2023-01-25 09:49:46,22,27,265,405
2023-01-25 09:50:02,23,27,265,405
2023-01-25 09:50:05,22,27,265,405
2023-01-25 09:50:41,22,27,315,455
2023-01-25 09:50:55,23,27,315,455
2023-01-25 09:51:00,22,27,315,455
2023-01-25 09:51:04,23,27,315,455
2023-01-25 09:51:05,22,27,315,455
2023-01-25 09:51:06,23,27,315,455
2023-01-25 09:51:07,22,27,315,455
2023-01-25 09:51:11,23,27,315,455
2023-01-25 09:51:14,22,27,315,455
2023-01-25 09:51:16,23,27,315,455
2023-01-25 09:51:20,22,27,315,455
2023-01-25 09:51:20,22,29,315,455
2023-01-25 09:51:20,24,29,315,455
2023-01-25 09:51:47,22,29,315,455
2023-01-25 09:51:47,23,29,315,455
2023-01-25 09:51:48,23,30,315,455
2023-01-25 09:51:48,23,28,315,455
2023-01-25 09:51:52,24,28,315,455
2023-01-25 09:52:03,23,28,315,455
2023-01-25 09:52:18,23,30,315,455
2023-01-25 09:52:18,24,30,315,455
2023-01-25 09:52:18,24,29,315,455
2023-01-25 09:53:35,25,29,315,455
2023-01-25 09:53:36,24,29,315,455
2023-01-25 09:53:42,25,29,315,455
2023-01-25 09:53:47,24,29,315,455
2023-01-25 09:53:49,26,29,315,455
2023-01-25 09:53:49,26,31,315,455
2023-01-25 09:53:59,28,31,315,455
2023-01-25 09:54:09,30,31,315,455
2023-01-25 09:54:18,30,33,315,455
2023-01-25 09:54:47,30,35,315,455
2023-01-25 09:55:21,30,34,315,455
2023-01-25 09:55:21,29,34,315,455
2023-01-25 09:55:47,28,34,315,455
2023-01-25 09:55:48,28,35,315,455
2023-01-25 09:55:49,28,33,315,455
2023-01-25 09:55:50,30,33,315,455
2023-01-25 09:56:18,30,35,315,455
2023-01-25 09:56:46,31,35,315,455
2023-01-25 09:56:47,30,35,315,455
2023-01-25 09:56:47,32,35,315,455
2023-01-25 09:57:07,33,35,315,455
2023-01-25 09:57:08,34,35,315,455
2023-01-25 09:57:17,34,37,315,455
2023-01-25 09:57:19,34,38,315,455
2023-01-25 09:57:48,34,38,415,555
2023-01-25 09:57:48,34,39,415,555
2023-01-25 09:57:52,35,39,415,555
2023-01-25 09:57:54,34,39,415,555
2023-01-25 09:58:17,34,41,415,555
2023-01-25 09:58:18,35,41,415,555
2023-01-25 09:58:18,35,40,415,555
2023-01-25 09:58:46,33,40,415,555
2023-01-25 09:58:47,33,39,415,555
2023-01-25 09:59:04,34,39,415,555
2023-01-25 10:00:02,36,39,415,555
2023-01-25 10:00:03,34,39,415,555
2023-01-25 10:00:04,35,39,415,555
2023-01-25 10:00:05,34,39,415,555
2023-01-25 10:00:23,34,41,415,555
2023-01-25 10:00:23,35,41,415,555
2023-01-25 10:00:23,35,40,415,555
2023-01-25 10:00:49,34,40,415,555
2023-01-25 10:01:12,34,39,415,555
2023-01-25 10:01:13,34,40,415,555
2023-01-25 10:01:18,34,39,415,555
2023-01-25 10:01:21,34,38,415,555
2023-01-25 10:01:23,34,39,415,555
2023-01-25 10:01:47,32,39,415,555
2023-01-25 10:01:47,33,39,415,555
2023-01-25 10:01:48,32,39,415,555
2023-01-25 10:01:48,32,37,415,555
2023-01-25 10:01:50,34,37,415,555
2023-01-25 10:02:11,35,37,415,555
2023-01-25 10:02:12,34,37,415,555
2023-01-25 10:02:14,36,37,415,555
2023-01-25 10:02:17,36,41,415,555
2023-01-25 10:02:18,36,40,415,555
2023-01-25 10:02:48,36,41,415,555
2023-01-25 10:02:57,35,41,415,555
2023-01-25 10:03:16,35,42,415,555
2023-01-25 10:03:17,35,40,415,555
2023-01-25 10:04:18,34,40,415,555
2023-01-25 10:04:19,34,39,415,555
2023-01-25 10:04:29,34,38,415,555
2023-01-25 10:04:32,34,39,415,555
2023-01-25 10:04:34,34,38,415,555
2023-01-25 10:04:36,34,39,415,555
2023-01-25 10:04:36,34,38,415,555
2023-01-25 10:04:37,34,39,415,555
2023-01-25 10:04:41,34,38,415,555
2023-01-25 10:04:43,34,39,415,555
2023-01-25 10:04:46,32,39,415,555
2023-01-25 10:04:46,32,40,415,555
2023-01-25 10:04:46,32,39,415,555
2023-01-25 10:04:47,32,40,415,555
2023-01-25 10:04:48,32,38,415,555
2023-01-25 10:05:15,32,37,415,555
2023-01-25 10:05:17,32,38,415,555
2023-01-25 10:05:17,32,37,415,555
2023-01-25 10:05:19,32,38,415,555
2023-01-25 10:05:19,30,38,415,555
2023-01-25 10:05:20,30,36,415,555
2023-01-25 10:05:20,31,36,415,555
2023-01-25 10:05:35,31,35,415,555
2023-01-25 10:05:37,31,36,415,555
2023-01-25 10:05:37,31,35,415,555
2023-01-25 10:05:39,31,36,415,555
2023-01-25 10:05:42,31,35,415,555
2023-01-25 10:05:44,31,36,415,555
2023-01-25 10:05:44,31,35,415,555
2023-01-25 10:05:46,31,36,415,555
2023-01-25 10:05:47,31,34,415,555
2023-01-25 10:05:48,29,34,415,555
2023-01-25 10:05:54,29,33,415,555
2023-01-25 10:05:57,29,34,415,555
2023-01-25 10:06:06,29,32,415,555
2023-01-25 10:06:13,29,32,415,560
2023-01-25 10:06:13,29,34,415,560
2023-01-25 10:06:14,29,30,415,560
2023-01-25 10:06:16,29,34,415,560
2023-01-25 10:06:16,29,30,415,560
2023-01-25 10:06:17,29,34,415,560
2023-01-25 10:06:17,27,34,415,560
2023-01-25 10:06:19,27,32,415,560
2023-01-25 10:06:23,27,29,415,560
2023-01-25 10:06:24,27,32,415,560
2023-01-25 10:06:28,27,28,415,560
2023-01-25 10:06:30,27,32,415,560
2023-01-25 10:06:30,27,28,415,560
2023-01-25 10:06:33,27,32,415,560
2023-01-25 10:06:35,27,30,415,560
2023-01-25 10:06:38,27,32,415,560
2023-01-25 10:06:38,27,28,415,560
2023-01-25 10:06:40,27,32,415,560
2023-01-25 10:06:40,27,28,415,560
2023-01-25 10:06:42,27,32,415,560
2023-01-25 10:06:42,27,28,415,560
2023-01-25 10:06:43,27,32,415,560
2023-01-25 10:06:44,27,29,415,560
2023-01-25 10:06:45,27,32,415,560
2023-01-25 10:06:46,26,32,415,560
2023-01-25 10:06:46,26,30,415,560
2023-01-25 10:06:49,26,28,415,560
2023-01-25 10:06:55,26,27,415,560
2023-01-25 10:06:57,26,28,415,560
2023-01-25 10:06:57,26,27,415,560
2023-01-25 10:06:58,26,28,415,560
2023-01-25 10:07:18,26,29,415,560
2023-01-25 10:07:18,26,27,415,560
2023-01-25 10:08:46,26,29,415,560
2023-01-25 10:08:49,26,27,415,560
2023-01-25 10:09:12,26,27,415,565
2023-01-25 10:09:13,23,27,415,565
2023-01-25 10:09:16,23,29,415,565
2023-01-25 10:09:17,25,29,415,565
2023-01-25 10:09:17,25,28,415,565
2023-01-25 10:09:47,25,30,415,565
2023-01-25 10:10:46,26,30,415,565
2023-01-25 10:10:47,26,31,415,565
2023-01-25 10:11:18,25,31,415,565
2023-01-25 10:11:19,25,30,415,565
2023-01-25 10:11:46,25,32,415,565
2023-01-25 10:11:46,25,31,415,565
2023-01-25 10:11:47,25,29,415,565
2023-01-25 10:12:17,25,32,415,565
2023-01-25 10:12:17,25,30,415,565
2023-01-25 10:12:37,25,30,715,865
2023-01-25 10:12:48,26,30,715,865
2023-01-25 10:12:55,27,30,715,865
2023-01-25 10:13:06,25,30,715,865
2023-01-25 10:13:17,25,32,715,865
2023-01-25 10:13:18,27,32,715,865
2023-01-25 10:14:14,28,32,715,865
2023-01-25 10:14:16,27,32,715,865
2023-01-25 10:14:17,29,32,715,865
2023-01-25 10:14:38,31,32,715,865
2023-01-25 10:14:41,31,32,780,965
2023-01-25 10:14:45,31,36,780,965
2023-01-25 10:14:45,31,38,780,965
2023-01-25 10:14:47,31,37,780,965
2023-01-25 10:14:47,31,35,780,965
2023-01-25 10:15:20,32,35,780,965
2023-01-25 10:15:21,32,37,780,965
2023-01-25 10:15:38,32,37,880,1065
2023-01-25 10:15:44,33,37,880,1065
2023-01-25 10:15:46,33,39,880,1065
2023-01-25 10:15:46,33,40,880,1065
2023-01-25 10:15:47,33,38,880,1065
2023-01-25 10:16:12,32,38,880,1065
2023-01-25 10:16:18,32,40,880,1065
2023-01-25 10:16:21,34,40,880,1065
2023-01-25 10:16:46,32,40,880,1065
2023-01-25 10:16:47,31,40,880,1065
2023-01-25 10:16:47,33,40,880,1065
2023-01-25 10:16:48,33,39,880,1065
2023-01-25 10:17:06,33,38,880,1065
2023-01-25 10:17:25,33,37,880,1065
2023-01-25 10:17:36,33,38,880,1065
2023-01-25 10:17:39,33,36,880,1065
2023-01-25 10:17:46,31,36,880,1065
2023-01-25 10:17:47,31,35,880,1065
2023-01-25 10:17:56,30,34,880,1065
2023-01-25 10:18:07,30,32,880,1065
2023-01-25 10:18:16,28,32,880,1065
2023-01-25 10:18:36,28,33,880,1065
2023-01-25 10:18:46,28,31,880,1065
2023-01-25 10:18:47,27,31,880,1065
2023-01-25 10:19:09,26,31,880,1065
2023-01-25 10:19:09,27,31,880,1065
2023-01-25 10:19:14,26,31,880,1065
2023-01-25 10:19:14,27,31,880,1065
2023-01-25 10:19:17,26,31,880,1065
2023-01-25 10:19:18,26,33,880,1065
2023-01-25 10:19:18,28,33,880,1065
2023-01-25 10:19:46,28,33,910,1095
2023-01-25 10:19:47,28,32,910,1095
2023-01-25 10:19:49,27,32,910,1095
2023-01-25 10:20:06,29,32,910,1095
2023-01-25 10:20:23,29,34,910,1095
2023-01-25 10:20:25,29,33,910,1095
2023-01-25 10:20:37,28,33,910,1095
2023-01-25 10:20:47,27,33,910,1095
2023-01-25 10:20:47,27,35,910,1095
2023-01-25 10:20:48,27,34,910,1095
2023-01-25 10:20:48,29,34,910,1095
2023-01-25 10:21:18,29,35,910,1095
2023-01-25 10:21:39,31,35,910,1095
2023-01-25 10:21:46,31,37,910,1095
2023-01-25 10:21:46,31,36,910,1095
2023-01-25 10:22:21,31,37,910,1095
2023-01-25 10:22:23,32,37,910,1095
2023-01-25 10:22:46,31,37,910,1095
2023-01-25 10:22:47,31,38,910,1095
2023-01-25 10:22:47,33,38,910,1095
2023-01-25 10:23:17,31,38,910,1095
2023-01-25 10:23:18,31,36,910,1095
2023-01-25 10:23:47,31,38,910,1095
2023-01-25 10:23:50,32,38,910,1095
2023-01-25 10:24:46,30,38,910,1095
2023-01-25 10:24:46,33,38,910,1095
2023-01-25 10:25:20,32,38,910,1095
2023-01-25 10:25:20,34,38,910,1095
2023-01-25 10:25:21,34,39,910,1095
2023-01-25 10:25:43,34,40,910,1095
2023-01-25 10:25:48,34,41,910,1095
2023-01-25 10:25:48,34,37,910,1095
2023-01-25 10:25:50,33,37,910,1095
2023-01-25 10:26:10,33,37,920,1105
2023-01-25 10:26:18,33,39,920,1105
2023-01-25 10:26:47,33,37,920,1105
2023-01-25 10:26:47,31,37,920,1105
2023-01-25 10:26:48,32,37,920,1105
2023-01-25 10:27:09,32,37,820,1205
2023-01-25 10:27:16,30,37,820,1205
2023-01-25 10:27:17,30,36,820,1205
2023-01-25 10:27:29,31,36,820,1205
2023-01-25 10:28:18,32,36,820,1205
2023-01-25 10:28:18,32,38,820,1205
2023-01-25 10:28:46,32,37,820,1205
2023-01-25 10:29:19,31,37,820,1205
2023-01-25 10:29:47,31,36,820,1205
2023-01-25 10:30:45,32,36,820,1205
2023-01-25 10:30:47,32,38,820,1205
2023-01-25 10:31:05,32,37,820,1205
2023-01-25 10:31:09,32,35,820,1205
2023-01-25 10:31:13,32,38,820,1205
2023-01-25 10:31:13,32,33,820,1205
2023-01-25 10:31:15,32,33,755,1305
2023-01-25 10:31:24,32,33,755,1405
2023-01-25 10:31:26,32,33,755,1407
2023-01-25 10:31:27,30,33,755,1652
2023-01-25 10:31:47,25,33,755,1652
2023-01-25 10:31:48,25,31,755,1652
2023-01-25 10:31:50,26,31,755,1652
2023-01-25 10:32:01,27,31,755,1652
2023-01-25 10:32:15,29,31,755,1652
2023-01-25 10:32:25,29,31,760,1657
2023-01-25 10:32:26,26,31,760,1657
2023-01-25 10:32:30,26,31,760,1659
2023-01-25 10:32:32,26,31,762,1661
2023-01-25 10:32:38,26,31,764,1663
2023-01-25 10:32:40,26,31,766,1665
2023-01-25 10:32:42,26,31,768,1667
2023-01-25 10:32:44,26,31,770,1669
2023-01-25 10:32:45,26,31,770,1769
2023-01-25 10:32:46,26,31,772,1771
2023-01-25 10:32:49,26,35,772,1771
2023-01-25 10:32:49,30,35,772,1771
2023-01-25 10:33:21,30,36,772,1771
2023-01-25 10:33:22,29,36,772,1771
2023-01-25 10:33:24,31,36,772,1771
2023-01-25 10:33:50,30,36,772,1771
2023-01-25 10:33:51,32,36,772,1771
2023-01-25 10:33:51,32,37,772,1771
2023-01-25 10:34:39,32,37,837,1871
2023-01-25 10:34:45,32,37,839,1873
2023-01-25 10:34:46,30,37,839,1873
2023-01-25 10:34:46,35,37,839,1873
2023-01-25 10:34:47,35,37,839,1906
2023-01-25 10:34:47,35,40,839,1906
2023-01-25 10:35:19,37,40,839,1906
2023-01-25 10:35:19,37,41,839,1906
2023-01-25 10:35:32,37,42,839,1906
2023-01-25 10:35:32,37,39,839,1906
2023-01-25 10:35:36,37,41,839,1906
2023-01-25 10:35:36,37,41,834,1911
2023-01-25 10:35:51,35,41,834,1911
2023-01-25 10:36:07,37,41,834,1911
2023-01-25 10:36:20,37,39,834,1911
2023-01-25 10:36:40,33,39,834,1911
2023-01-25 10:36:40,33,39,839,1916
2023-01-25 10:36:47,36,39,839,1916
2023-01-25 10:36:48,38,39,839,1916
2023-01-25 10:36:48,38,41,839,1916
2023-01-25 10:36:49,38,43,839,1916
2023-01-25 10:37:08,38,44,839,1916
2023-01-25 10:37:19,39,44,839,1916
2023-01-25 10:37:19,39,46,839,1916
2023-01-25 10:37:20,39,45,839,1916
2023-01-25 10:37:46,40,45,839,1916
2023-01-25 10:37:47,42,45,839,1916
2023-01-25 10:37:47,42,46,839,1916
2023-01-25 10:37:56,42,47,839,2116
2023-01-25 10:38:17,38,47,839,2116
2023-01-25 10:38:18,39,47,839,2116
2023-01-25 10:38:18,43,47,839,2116
2023-01-25 10:38:48,42,47,839,2116
2023-01-25 10:39:17,40,47,839,2116
2023-01-25 10:39:17,41,47,839,2116
2023-01-25 10:39:18,43,47,839,2116
2023-01-25 10:40:44,43,45,839,2116
2023-01-25 10:40:47,44,45,839,2116
2023-01-25 10:41:11,44,47,839,2116
2023-01-25 10:41:11,44,47,834,2121
2023-01-25 10:41:11,44,49,834,2121
2023-01-25 10:41:13,44,47,834,2121
2023-01-25 10:41:18,42,47,834,2121
2023-01-25 10:41:18,40,47,834,2121
2023-01-25 10:41:18,39,47,834,2121
2023-01-25 10:41:18,41,47,834,2121
2023-01-25 10:41:47,39,47,834,2121
2023-01-25 10:41:47,39,46,834,2121
2023-01-25 10:41:47,40,46,834,2121
2023-01-25 10:42:18,40,47,834,2121
2023-01-25 10:42:18,40,45,834,2121
2023-01-25 10:42:47,40,47,834,2121
2023-01-25 10:42:47,40,46,834,2121
2023-01-25 10:42:47,40,44,834,2121
2023-01-25 10:42:49,39,44,834,2121
2023-01-25 10:43:13,38,44,834,2121
2023-01-25 10:43:17,39,44,834,2121
2023-01-25 10:43:47,39,45,834,2121
2023-01-25 10:43:47,39,43,834,2121
2023-01-25 10:43:48,37,43,834,2121
2023-01-25 10:43:48,37,41,834,2121
2023-01-25 10:44:46,37,45,834,2121
2023-01-25 10:44:46,37,44,834,2121
2023-01-25 10:44:46,37,42,834,2121
2023-01-25 10:45:19,37,44,834,2121
2023-01-25 10:45:20,37,45,834,2121
2023-01-25 10:45:22,37,43,834,2121
2023-01-25 10:45:47,37,45,834,2121
2023-01-25 10:45:47,37,42,834,2121
2023-01-25 10:46:03,37,41,834,2121
2023-01-25 10:46:06,37,42,834,2121
2023-01-25 10:46:09,37,41,834,2121
2023-01-25 10:46:17,37,40,834,2121
2023-01-25 10:46:18,35,40,834,2121
2023-01-25 10:46:21,34,40,834,2121
2023-01-25 10:46:46,33,40,834,2121
2023-01-25 10:46:47,33,39,834,2121
2023-01-25 10:46:47,33,37,834,2121
2023-01-25 10:46:58,32,37,834,2121
2023-01-25 10:46:58,35,37,834,2121
2023-01-25 10:47:01,32,37,834,2121
2023-01-25 10:47:02,33,37,834,2121
2023-01-25 10:47:16,33,39,834,2121
2023-01-25 10:47:16,34,39,834,2121
2023-01-25 10:47:27,35,39,834,2121
2023-01-25 10:48:55,33,39,834,2121
2023-01-25 10:48:56,35,39,834,2121
2023-01-25 10:49:03,33,39,834,2121
2023-01-25 10:49:16,34,39,834,2121
2023-01-25 10:49:17,35,39,834,2121
2023-01-25 10:49:48,35,41,834,2121
2023-01-25 10:49:48,35,39,834,2121
2023-01-25 10:49:57,37,39,834,2121
2023-01-25 10:50:18,34,39,834,2121
2023-01-25 10:50:18,34,39,839,2126
2023-01-25 10:50:23,34,41,839,2126
2023-01-25 10:50:23,34,43,839,2126
2023-01-25 10:50:23,34,40,839,2126
2023-01-25 10:50:23,33,40,839,2126
2023-01-25 10:50:25,35,40,839,2126
2023-01-25 10:50:48,35,42,839,2126
2023-01-25 10:50:48,36,42,839,2126
2023-01-25 10:50:48,38,42,839,2126
2023-01-25 10:50:48,38,44,839,2126
2023-01-25 10:51:02,38,42,839,2126
2023-01-25 10:51:03,38,44,839,2126
2023-01-25 10:51:05,38,42,839,2126
2023-01-25 10:51:19,36,42,839,2126
2023-01-25 10:51:20,37,42,839,2126
2023-01-25 10:51:20,39,42,839,2126
2023-01-25 10:51:22,41,42,839,2126
2023-01-25 10:51:26,41,44,839,2126
2023-01-25 10:52:40,41,45,839,2126
2023-01-25 10:52:49,41,44,839,2126
2023-01-25 10:53:03,41,45,839,2126
2023-01-25 10:53:03,41,42,839,2126
2023-01-25 10:54:12,41,42,839,2131
2023-01-25 10:54:14,36,41,849,2206
2023-01-25 10:54:46,36,40,849,2206
2023-01-25 10:55:23,36,41,849,2206
2023-01-25 10:55:27,35,41,849,2206
2023-01-25 10:55:31,36,41,849,2206
2023-01-25 10:55:37,35,41,849,2206
2023-01-25 10:55:47,35,39,849,2206
2023-01-25 10:55:48,34,39,849,2206
2023-01-25 10:56:10,33,39,849,2206
2023-01-25 10:56:17,32,39,849,2206
2023-01-25 10:56:17,32,38,849,2206
2023-01-25 10:56:47,32,37,849,2206
2023-01-25 10:57:17,32,39,849,2206
2023-01-25 10:57:17,32,36,849,2206
2023-01-25 10:57:37,31,36,849,2206
2023-01-25 10:57:47,31,35,849,2206
2023-01-25 10:57:48,30,35,849,2206
2023-01-25 10:58:00,31,35,849,2206
2023-01-25 10:58:11,30,35,849,2206
2023-01-25 10:58:17,30,33,849,2206
2023-01-25 10:58:18,29,33,849,2206
2023-01-25 10:58:29,28,29,849,2211
2023-01-25 10:58:37,29,32,839,2256
2023-01-25 10:58:42,28,32,839,2256
2023-01-25 10:58:47,26,32,839,2256
2023-01-25 10:58:47,27,32,839,2256
2023-01-25 11:00:47,26,32,839,2256
2023-01-25 11:00:49,26,33,839,2256
2023-01-25 11:00:49,28,33,839,2256
2023-01-25 11:01:14,28,32,839,2256
2023-01-25 11:01:46,28,32,789,2306
2023-01-25 11:01:47,27,32,789,2306
2023-01-25 11:01:48,27,30,789,2306
2023-01-25 11:02:16,27,32,789,2306
2023-01-25 11:02:17,27,31,789,2306
2023-01-25 11:02:37,27,30,789,2306
2023-01-25 11:03:13,27,31,789,2306
2023-01-25 11:03:14,27,30,789,2306
2023-01-25 11:03:35,25,30,789,2306
2023-01-25 11:04:18,27,30,789,2306
2023-01-25 11:04:18,27,32,789,2306
2023-01-25 11:05:00,27,30,789,2306
2023-01-25 11:05:19,25,30,789,2306
2023-01-25 11:05:21,22,30,789,2306
2023-01-25 11:05:21,24,30,789,2306
2023-01-25 11:05:46,25,30,789,2306
2023-01-25 11:05:59,28,30,789,2306
2023-01-25 11:06:00,25,30,789,2306
2023-01-25 11:06:18,27,30,789,2306
2023-01-25 11:06:19,27,32,789,2306
2023-01-25 11:07:16,27,33,789,2306
2023-01-25 11:07:17,25,33,789,2306
2023-01-25 11:07:17,26,33,789,2306
2023-01-25 11:07:17,26,31,789,2306
2023-01-25 11:07:47,27,31,789,2306
2023-01-25 11:07:48,27,32,789,2306
2023-01-25 11:08:20,25,32,789,2306
2023-01-25 11:08:21,26,32,789,2306
2023-01-25 11:08:46,25,32,789,2306
2023-01-25 11:08:46,27,32,789,2306
2023-01-25 11:09:17,29,32,789,2306
2023-01-25 11:09:17,29,33,789,2306
2023-01-25 11:09:46,27,33,789,2306
2023-01-25 11:09:47,27,32,789,2306
2023-01-25 11:10:21,27,33,789,2306
2023-01-25 11:10:22,28,33,789,2306
2023-01-25 11:11:05,28,30,789,2306
2023-01-25 11:11:06,28,33,789,2306
2023-01-25 11:11:08,28,30,789,2306
2023-01-25 11:11:09,28,33,789,2306
2023-01-25 11:11:21,27,33,789,2306
2023-01-25 11:11:30,27,30,789,2306
2023-01-25 11:11:34,27,33,789,2306
2023-01-25 11:11:34,27,30,789,2306
2023-01-25 11:11:37,27,33,789,2306
2023-01-25 11:11:46,25,33,789,2306
2023-01-25 11:11:47,25,30,789,2306
2023-01-25 11:12:22,25,28,789,2306
2023-01-25 11:12:42,25,26,789,2306
2023-01-25 11:12:47,22,26,789,2306
2023-01-25 11:12:49,22,27,789,2306
2023-01-25 11:12:50,22,26,789,2306
2023-01-25 11:13:07,22,27,789,2306
2023-01-25 11:13:26,22,27,759,2336
2023-01-25 11:13:47,22,27,809,2386
2023-01-25 11:13:47,19,27,809,2386
2023-01-25 11:13:48,19,28,809,2386
2023-01-25 11:13:48,23,28,809,2386
2023-01-25 11:14:17,19,28,809,2386
2023-01-25 11:14:17,20,28,809,2386
2023-01-25 11:14:17,20,27,809,2386
2023-01-25 11:14:18,22,27,809,2386
2023-01-25 11:14:44,22,26,809,2386
2023-01-25 11:15:20,21,26,809,2386
2023-01-25 11:15:21,21,28,809,2386
2023-01-25 11:15:22,21,26,809,2386
2023-01-25 11:15:48,22,26,809,2386
2023-01-25 11:16:19,20,26,809,2386
2023-01-25 11:16:19,21,26,809,2386
2023-01-25 11:17:47,22,26,809,2386
2023-01-25 11:17:54,22,27,804,2391
2023-01-25 11:17:55,23,27,804,2391
2023-01-25 11:18:48,23,30,804,2391
2023-01-25 11:18:48,23,26,804,2391
2023-01-25 11:18:55,21,26,804,2391
2023-01-25 11:18:55,25,26,804,2391
2023-01-25 11:18:56,25,26,805,2392
2023-01-25 11:19:01,23,26,805,2392
2023-01-25 11:19:20,23,27,805,2392
2023-01-25 11:19:29,23,25,805,2392
2023-01-25 11:19:39,23,25,804,2393
2023-01-25 11:19:42,23,28,804,2393
2023-01-25 11:19:42,23,28,804,2398
2023-01-25 11:19:42,23,28,804,2403
2023-01-25 11:19:43,23,28,804,2408
2023-01-25 11:19:45,23,28,754,2458
2023-01-25 11:19:45,23,28,752,2460
2023-01-25 11:19:45,23,28,748,2464
2023-01-25 11:19:46,21,28,748,2464
2023-01-25 11:19:46,21,34,748,2464
2023-01-25 11:19:46,21,25,748,2464
2023-01-25 11:19:47,20,25,748,2464
2023-01-25 11:20:10,21,25,748,2464
2023-01-25 11:20:24,21,29,748,2464
2023-01-25 11:20:24,20,21,748,2469
2023-01-25 11:20:24,17,21,748,2469
2023-01-25 11:20:25,17,19,748,2469
2023-01-25 11:20:27,17,19,750,2471
2023-01-25 11:20:29,17,19,752,2473
2023-01-25 11:20:35,17,21,991,2719
2023-01-25 11:20:48,17,23,991,2719
2023-01-25 11:20:49,17,22,991,2719
2023-01-25 11:21:19,17,20,991,2719
2023-01-25 11:21:20,15,20,991,2719
2023-01-25 11:21:47,14,20,991,2719
2023-01-25 11:21:48,13,20,991,2719
2023-01-25 11:21:51,13,16,991,2719
2023-01-25 11:22:02,13,15,991,2719
2023-01-25 11:22:09,13,16,991,2719
2023-01-25 11:22:20,12,13,991,2724
2023-01-25 11:22:26,12,13,991,2729
2023-01-25 11:22:28,12,15,991,2729
2023-01-25 11:22:41,12,17,991,2729
2023-01-25 11:22:41,12,17,951,2769
2023-01-25 11:22:46,12,15,951,2769
2023-01-25 11:22:47,11,15,951,2769
2023-01-25 11:23:18,11,16,951,2769
2023-01-25 11:23:18,12,16,951,2769
2023-01-25 11:23:26,12,16,1284,3102
2023-01-25 11:23:46,12,17,1284,3102
2023-01-25 11:24:18,13,17,1284,3102
2023-01-25 11:24:46,13,17,1617,3435
2023-01-25 11:24:47,13,19,1617,3435
2023-01-25 11:24:48,14,19,1617,3435
2023-01-25 11:24:49,15,19,1617,3435
2023-01-25 11:26:22,17,19,1617,3435
2023-01-25 11:26:49,15,19,1617,3435
2023-01-25 11:27:05,15,17,1617,3435
2023-01-25 11:27:17,16,17,1617,3435
2023-01-25 11:27:46,14,17,1617,3435
2023-01-25 11:28:29,14,17,1616,3436
2023-01-25 11:29:46,13,17,1616,3436
2023-01-25 11:30:22,14,17,1616,3436
2023-01-25 11:31:02,13,17,1616,3436
2023-01-25 11:31:14,13,18,1616,3436
2023-01-25 11:31:14,13,15,1616,3436
2023-01-25 11:31:18,15,18,1612,3440
2023-01-25 11:31:20,15,19,1612,3440
2023-01-25 11:31:47,14,19,1612,3440
2023-01-25 11:31:47,13,19,1612,3440
2023-01-25 11:31:48,13,17,1612,3440
2023-01-25 11:32:17,13,19,1612,3440
2023-01-25 11:32:18,14,19,1612,3440
2023-01-25 11:32:18,14,20,1612,3440
2023-01-25 11:32:21,14,18,1612,3440
2023-01-25 11:34:19,14,19,1612,3440
2023-01-25 11:34:46,13,19,1612,3440
2023-01-25 11:34:48,13,18,1612,3440
2023-01-25 11:35:19,13,16,1612,3440
2023-01-25 11:35:20,12,16,1612,3440
2023-01-25 11:35:30,13,16,1612,3440
2023-01-25 11:35:48,14,16,1612,3440
2023-01-25 11:35:51,14,18,1612,3440
2023-01-25 11:36:47,14,19,1612,3440
2023-01-25 11:36:47,13,19,1612,3440
2023-01-25 11:36:47,13,17,1612,3440
2023-01-25 11:37:17,13,19,1612,3440
2023-01-25 11:37:18,13,18,1612,3440
2023-01-25 11:37:48,13,19,1612,3440
2023-01-25 11:37:48,13,17,1612,3440
2023-01-25 11:38:20,11,17,1612,3440
2023-01-25 11:38:22,11,15,1612,3440
2023-01-25 11:38:36,12,15,1612,3440
2023-01-25 11:38:47,12,17,1612,3440
2023-01-25 11:38:47,12,16,1612,3440
2023-01-25 11:39:21,11,16,1612,3440
2023-01-25 11:39:47,11,17,1612,3440
2023-01-25 11:39:48,11,14,1612,3440
2023-01-25 11:40:25,11,15,1612,3440
2023-01-25 11:40:49,11,14,1612,3440
2023-01-25 11:41:19,11,15,1612,3440
2023-01-25 11:42:15,12,15,1612,3440
2023-01-25 11:42:18,12,15,1945,3773
2023-01-25 11:42:18,12,17,1945,3773
2023-01-25 11:42:21,12,17,1970,3798
2023-01-25 11:42:47,13,17,1970,3798
2023-01-25 11:43:18,13,19,1970,3798
2023-01-25 11:43:19,13,18,1970,3798
2023-01-25 11:43:19,14,18,1970,3798
2023-01-25 11:43:48,13,18,1970,3798
2023-01-25 11:44:20,13,19,1970,3798
2023-01-25 11:44:20,13,17,1970,3798
2023-01-25 11:45:30,12,17,1970,3798
2023-01-25 11:45:31,13,17,1970,3798
2023-01-25 11:46:17,13,19,1970,3798
2023-01-25 11:46:17,13,21,1970,3798
2023-01-25 11:46:18,13,18,1970,3798
2023-01-25 11:46:18,14,18,1970,3798
2023-01-25 11:46:47,13,18,1970,3798
2023-01-25 11:47:19,13,17,1970,3798
2023-01-25 11:47:45,12,17,1970,3798
2023-01-25 11:47:46,12,19,1970,3798
2023-01-25 11:47:46,12,16,1970,3798
2023-01-25 11:48:21,12,18,1970,3798
2023-01-25 11:48:21,12,19,1970,3798
2023-01-25 11:48:22,12,17,1970,3798
2023-01-25 11:48:23,13,17,1970,3798
2023-01-25 11:48:47,12,17,1970,3798
2023-01-25 11:49:19,13,17,1970,3798
2023-01-25 11:49:48,12,17,1970,3798
2023-01-25 11:49:48,12,16,1970,3798
2023-01-25 11:49:50,11,16,1970,3798
2023-01-25 11:50:28,12,16,1970,3798
2023-01-25 11:50:51,11,16,1970,3798
2023-01-25 11:50:51,11,17,1970,3798
2023-01-25 11:50:52,11,15,1970,3798
2023-01-25 11:51:27,11,13,1970,3798
2023-01-25 11:51:49,11,12,1970,3798
2023-01-25 11:52:12,8,12,1960,3808
2023-01-25 11:52:19,7,12,1960,3808
2023-01-25 11:52:19,7,11,1960,3808
2023-01-25 11:52:19,7,10,1960,3808
2023-01-25 11:52:49,7,9,1960,3808
2023-01-25 11:52:50,6,9,1960,3808
2023-01-25 11:53:11,5,9,1960,3808
2023-01-25 11:53:49,5,8,1960,3808
2023-01-25 11:53:51,4,8,1960,3808
2023-01-25 11:54:20,4,7,1960,3808
2023-01-25 11:54:23,6,7,1960,3808
2023-01-25 11:54:52,5,8,1960,3808
2023-01-25 11:54:55,6,8,1960,3808
2023-01-25 11:54:59,6,8,1965,3813
2023-01-25 11:55:22,5,8,1965,3813
2023-01-25 11:55:22,4,8,1965,3813
2023-01-25 11:55:29,5,8,1965,3813
2023-01-25 11:55:49,4,8,1965,3813
2023-01-25 11:56:21,4,7,1965,3813
2023-01-25 11:56:49,4,6,1965,3813
2023-01-25 11:57:18,3,6,1965,3813
2023-01-25 11:57:33,4,6,1965,3813
2023-01-25 11:57:48,4,7,1965,3813
2023-01-25 11:58:19,3,7,1965,3813
2023-01-25 11:58:20,4,7,1965,3813
2023-01-25 11:58:21,5,7,1965,3813
2023-01-25 11:58:44,4,7,1965,3813
2023-01-25 11:58:45,5,7,1965,3813
2023-01-25 11:59:21,4,7,1965,3813
2023-01-25 11:59:21,5,7,1965,3813
2023-01-25 11:59:47,4,7,1965,3813
2023-01-25 11:59:51,4,8,1965,3813
2023-01-25 11:59:57,5,8,1965,3813
2023-01-25 12:00:24,4,8,1965,3813
2023-01-25 12:00:27,5,8,1965,3813
2023-01-25 12:00:51,4,8,1965,3813
2023-01-25 12:00:53,5,8,1965,3813
2023-01-25 12:01:20,4,8,1965,3813
2023-01-25 12:01:21,4,7,1965,3813
2023-01-25 12:01:57,5,7,1965,3813
2023-01-25 12:02:17,4,7,1965,3813
2023-01-25 12:02:25,5,7,1965,3813
2023-01-25 12:02:35,5,8,2368,4216
2023-01-25 12:02:47,4,8,2368,4216
2023-01-25 12:03:01,6,8,2368,4216
2023-01-25 12:03:17,4,8,2368,4216
2023-01-25 12:03:18,5,8,2368,4216
2023-01-25 12:03:31,6,8,2368,4216
2023-01-25 12:03:47,6,9,2368,4216
2023-01-25 12:03:55,5,9,2368,4216
2023-01-25 12:04:19,5,8,2368,4216
2023-01-25 12:04:47,5,9,2368,4216
2023-01-25 12:05:06,6,9,2368,4216
2023-01-25 12:05:33,5,9,2368,4216
2023-01-25 12:05:33,6,9,2368,4216
2023-01-25 12:06:18,6,10,2368,4216
2023-01-25 12:06:19,5,10,2368,4216
2023-01-25 12:06:19,6,10,2368,4216
2023-01-25 12:06:19,7,10,2368,4216
2023-01-25 12:06:47,6,10,2368,4216
2023-01-25 12:07:23,5,10,2368,4216
2023-01-25 12:07:23,6,10,2368,4216
2023-01-25 12:07:49,6,11,2368,4216
2023-01-25 12:07:51,6,10,2368,4216
2023-01-25 12:08:17,5,10,2368,4216
2023-01-25 12:08:19,6,10,2368,4216
2023-01-25 12:08:47,6,9,2368,4216
2023-01-25 12:08:48,5,9,2368,4216
2023-01-25 12:08:51,6,9,2368,4216
2023-01-25 12:09:17,5,9,2368,4216
2023-01-25 12:09:46,5,10,2368,4216
2023-01-25 12:09:46,5,9,2368,4216
2023-01-25 12:09:50,6,9,2368,4216
2023-01-25 12:10:24,5,9,2368,4216
2023-01-25 12:10:53,5,8,2368,4216
2023-01-25 12:11:21,5,9,2368,4216
2023-01-25 12:11:47,6,9,2368,4216
2023-01-25 12:12:19,5,9,2368,4216
2023-01-25 12:12:50,6,9,2368,4216
2023-01-25 12:12:52,7,9,2368,4216
2023-01-25 12:13:17,6,9,2368,4216
2023-01-25 12:13:18,6,10,2368,4216
2023-01-25 12:13:46,5,10,2368,4216
2023-01-25 12:13:47,6,10,2368,4216
2023-01-25 12:14:47,6,9,2368,4216
2023-01-25 12:15:10,5,9,2368,4216
2023-01-25 12:15:50,5,8,2368,4216
2023-01-25 12:16:17,4,8,2368,4216
2023-01-25 12:16:18,5,8,2368,4216
2023-01-25 12:16:46,4,8,2368,4216
2023-01-25 12:16:47,5,8,2368,4216
2023-01-25 12:17:19,5,9,2368,4216
2023-01-25 12:17:47,5,8,2368,4216
2023-01-25 12:20:24,5,9,2368,4216
2023-01-25 12:20:49,4,9,2368,4216
2023-01-25 12:20:49,5,9,2368,4216
2023-01-25 12:21:05,6,9,2368,4216
2023-01-25 12:21:21,6,10,2368,4216
2023-01-25 12:21:50,5,10,2368,4216
2023-01-25 12:21:50,5,9,2368,4216
2023-01-25 12:21:57,6,9,2368,4216
2023-01-25 12:22:20,6,10,2368,4216
2023-01-25 12:22:56,7,10,2368,4216
2023-01-25 12:23:47,6,10,2368,4216
2023-01-25 12:23:48,6,11,2368,4216
2023-01-25 12:23:49,6,10,2368,4216
2023-01-25 12:24:06,7,10,2368,4216
2023-01-25 12:25:12,6,10,2368,4216
2023-01-25 12:25:12,7,10,2368,4216
2023-01-25 12:25:47,6,10,2368,4216
2023-01-25 12:25:47,6,11,2368,4216
2023-01-25 12:25:49,6,10,2368,4216
2023-01-25 12:26:17,7,10,2368,4216
2023-01-25 12:26:23,7,11,2368,4216
2023-01-25 12:26:47,7,10,2368,4216
2023-01-25 12:27:23,7,11,2368,4216
2023-01-25 12:27:47,6,11,2368,4216
2023-01-25 12:27:49,7,11,2368,4216
2023-01-25 12:28:17,8,11,2368,4216
2023-01-25 12:28:19,8,12,2368,4216
2023-01-25 12:28:20,8,11,2368,4216
2023-01-25 12:28:46,7,11,2368,4216
2023-01-25 12:28:47,8,11,2368,4216
2023-01-25 12:29:18,8,12,2368,4216
2023-01-25 12:29:48,8,11,2368,4216
2023-01-25 12:29:48,7,11,2368,4216
2023-01-25 12:30:48,7,10,2368,4216
2023-01-25 12:30:51,6,10,2368,4216
2023-01-25 12:31:23,7,10,2368,4216
2023-01-25 12:31:47,7,11,2368,4216
2023-01-25 12:31:50,6,10,2368,4216
2023-01-25 12:32:49,6,9,2368,4216
2023-01-25 12:33:17,5,9,2368,4216
2023-01-25 12:33:39,6,9,2368,4216
2023-01-25 12:34:19,6,10,2368,4216
2023-01-25 12:35:50,6,9,2368,4216
2023-01-25 12:36:18,6,8,2368,4216
2023-01-25 12:36:22,5,8,2368,4216
2023-01-25 12:36:45,4,8,2368,4216
2023-01-25 12:36:58,6,8,2368,4216
2023-01-25 12:37:17,4,8,2368,4216
2023-01-25 12:37:19,5,8,2368,4216
2023-01-25 12:37:20,5,9,2368,4216
2023-01-25 12:37:50,5,8,2368,4216
2023-01-25 12:37:50,4,8,2368,4216
2023-01-25 12:38:27,5,8,2368,4216
2023-01-25 12:39:18,4,8,2368,4216
2023-01-25 12:39:28,5,8,2368,4216
2023-01-25 12:39:46,4,8,2368,4216
2023-01-25 12:40:49,4,7,2368,4216
2023-01-25 12:41:20,4,6,2368,4216
2023-01-25 12:41:23,3,6,2368,4216
2023-01-25 12:41:31,4,6,2368,4216
2023-01-25 12:41:49,4,7,2368,4216
2023-01-25 12:42:17,3,7,2368,4216
2023-01-25 12:42:31,4,7,2368,4216
2023-01-25 12:43:08,3,7,2368,4216
2023-01-25 12:43:25,3,6,2368,4216
2023-01-25 12:43:58,3,5,2368,4216
2023-01-25 12:44:09,3,6,2368,4216
2023-01-25 12:45:39,4,6,2368,4216
2023-01-25 12:45:49,4,7,2368,4216
2023-01-25 12:46:18,3,7,2368,4216
2023-01-25 12:46:47,4,7,2368,4216
2023-01-25 12:46:47,4,6,2368,4216
2023-01-25 12:47:17,3,6,2368,4216
2023-01-25 12:48:08,4,6,2368,4216
2023-01-25 12:48:38,3,6,2368,4216
2023-01-25 12:48:38,4,6,2368,4216
2023-01-25 12:48:47,4,7,2368,4216
2023-01-25 12:48:47,4,6,2368,4216
2023-01-25 12:49:16,3,6,2368,4216
2023-01-25 12:49:17,2,6,2368,4216
2023-01-25 12:49:18,3,6,2368,4216
2023-01-25 12:50:49,3,7,2368,4216
2023-01-25 12:50:49,3,6,2368,4216
2023-01-25 12:51:47,2,6,2368,4216
2023-01-25 12:52:09,3,6,2368,4216
2023-01-25 12:52:18,3,5,2368,4216
2023-01-25 12:52:47,2,6,2368,4216
2023-01-25 12:53:10,3,6,2368,4216
2023-01-25 12:53:45,2,6,2368,4216
2023-01-25 12:54:43,3,6,2368,4216
2023-01-25 12:55:20,2,6,2368,4216
2023-01-25 12:55:38,3,6,2368,4216
2023-01-25 12:56:17,2,6,2368,4216
2023-01-25 12:56:35,3,6,2368,4216
2023-01-25 12:57:12,2,6,2368,4216
2023-01-25 12:57:13,4,6,2368,4216
2023-01-25 12:57:47,3,6,2368,4216
2023-01-25 12:57:48,4,6,2368,4216
2023-01-25 12:58:17,3,6,2368,4216
2023-01-25 12:58:46,3,7,2368,4216
2023-01-25 12:58:46,3,6,2368,4216
2023-01-25 12:58:46,3,5,2368,4216
2023-01-25 12:58:47,2,5,2368,4216
2023-01-25 12:59:01,3,5,2368,4216
2023-01-25 12:59:16,2,5,2368,4216
2023-01-25 12:59:28,3,5,2368,4216
2023-01-25 12:59:55,2,5,2368,4216
2023-01-25 12:59:55,3,5,2368,4216
2023-01-25 13:00:23,2,5,2368,4216
2023-01-25 13:00:27,2,6,2368,4216
2023-01-25 13:00:38,4,6,2368,4216
2023-01-25 13:01:16,2,6,2368,4216
2023-01-25 13:01:17,4,6,2368,4216
2023-01-25 13:01:46,3,6,2368,4216
2023-01-25 13:01:46,2,6,2368,4216
2023-01-25 13:01:48,2,5,2368,4216
2023-01-25 13:02:46,2,4,2368,4216
2023-01-25 13:02:48,1,4,2368,4216
2023-01-25 13:03:17,1,5,2368,4216
2023-01-25 13:03:17,1,6,2368,4216
2023-01-25 13:03:18,1,7,2368,4216
2023-01-25 13:03:33,2,7,2368,4216
2023-01-25 13:04:33,1,7,2368,4216
2023-01-25 13:04:33,3,7,2368,4216
2023-01-25 13:04:41,3,6,2368,4216
2023-01-25 13:04:48,3,7,2368,4216
2023-01-25 13:04:51,3,6,2368,4216
2023-01-25 13:05:37,1,6,2368,4216
2023-01-25 13:15:04,1,6,2378,4226
2023-01-25 13:18:15,1,4,2378,4226
2023-01-25 13:22:34,1,3,2378,4226
2023-01-25 13:32:33,0,3,2378,4426
2023-01-25 13:32:42,0,2,2378,4426
2023-01-25 13:33:15,0,2,2408,4456
2023-01-25 13:34:02,1,2,2408,4456
2023-01-25 13:52:25,0,2,2563,4611
2023-01-25 14:18:10,0,1,2563,4611
2023-01-25 14:24:12,0,1,2623,4671
2023-01-25 14:30:03,0,1,2723,4771
2023-01-25 14:53:09,0,1,2823,4871
