datetime,bid,ask,open_interest,volume
2023-12-29 09:30:04,35,51,308,326
2023-12-29 09:30:09,35,50,308,326
2023-12-29 09:30:19,38,50,308,326
2023-12-29 09:30:31,38,51,308,326
2023-12-29 09:31:00,38,44,308,326
2023-12-29 09:31:00,40,44,308,326
2023-12-29 09:31:11,40,42,558,576
2023-12-29 09:31:12,40,43,558,576
2023-12-29 09:31:12,40,42,558,576
2023-12-29 09:31:17,40,42,808,826
2023-12-29 09:31:24,40,43,1008,1026
2023-12-29 09:31:59,41,43,1008,1026
2023-12-29 09:32:11,41,44,1008,1026
2023-12-29 09:32:11,41,43,1008,1026
2023-12-29 09:32:18,41,44,1008,1026
2023-12-29 09:32:55,42,44,1008,1026
2023-12-29 09:33:38,42,45,1008,1026
2023-12-29 09:33:44,43,45,1008,1026
2023-12-29 09:34:13,43,44,1008,1026
2023-12-29 09:34:13,43,45,1008,1026
2023-12-29 09:34:15,44,45,1008,1026
2023-12-29 09:34:35,44,46,1008,1026
2023-12-29 09:34:48,44,45,1008,1026
2023-12-29 09:34:48,44,45,1008,1326
2023-12-29 09:35:11,44,46,1128,1446
2023-12-29 09:35:11,44,45,1128,1446
2023-12-29 09:35:34,44,46,1294,1612
2023-12-29 09:35:34,44,45,1294,1612
2023-12-29 09:35:40,45,46,1294,1795
2023-12-29 09:35:40,44,46,1294,1812
2023-12-29 09:35:40,44,45,1294,1812
2023-12-29 09:35:56,44,46,1294,1812
2023-12-29 09:35:56,44,45,1294,1812
2023-12-29 09:36:01,44,46,1294,1812
2023-12-29 09:36:01,44,45,1294,1812
2023-12-29 09:36:13,45,47,1294,1971
2023-12-29 09:36:13,45,46,1294,1971
2023-12-29 09:36:14,44,46,1294,1971
2023-12-29 09:36:21,45,46,1294,1971
2023-12-29 09:36:24,45,47,1430,2107
2023-12-29 09:36:24,45,46,1430,2107
2023-12-29 09:36:38,44,46,1589,2307
2023-12-29 09:36:51,44,47,1589,2307
2023-12-29 09:36:51,44,45,1589,2307
2023-12-29 09:36:51,44,47,1589,2307
2023-12-29 09:36:51,44,45,1589,2307
2023-12-29 09:37:41,44,47,1589,2307
2023-12-29 09:37:41,44,45,1589,2307
2023-12-29 09:37:41,44,47,1589,2307
2023-12-29 09:37:41,44,45,1589,2307
2023-12-29 09:37:43,45,46,1703,2421
2023-12-29 09:37:44,44,46,1703,2421
2023-12-29 09:37:44,44,45,1703,2421
2023-12-29 09:38:07,45,46,1861,2579
2023-12-29 09:38:08,44,46,1861,2579
2023-12-29 09:38:08,44,45,1861,2579
2023-12-29 09:38:15,44,46,1861,2579
2023-12-29 09:38:15,44,45,1861,2579
2023-12-29 09:38:16,44,46,1861,2579
2023-12-29 09:38:16,44,45,1861,2579
2023-12-29 09:38:25,45,46,2025,2743
2023-12-29 09:39:01,45,47,2025,2743
2023-12-29 09:39:01,45,46,2025,2743
2023-12-29 09:39:03,45,47,2025,2743
2023-12-29 09:39:03,45,46,2025,2743
2023-12-29 09:39:06,45,47,2025,2743
2023-12-29 09:39:06,45,46,2025,2743
2023-12-29 09:39:13,45,47,2025,2743
2023-12-29 09:39:13,45,46,2025,2743
2023-12-29 09:39:52,45,47,2149,2902
2023-12-29 09:39:52,45,46,2149,2902
2023-12-29 09:40:05,45,47,2149,2902
2023-12-29 09:40:05,45,46,2149,2902
2023-12-29 09:40:36,45,47,2149,2902
2023-12-29 09:40:36,45,46,2149,2902
2023-12-29 09:41:10,46,47,2314,3067
2023-12-29 09:41:11,45,47,2314,3067
2023-12-29 09:41:11,45,46,2314,3067
2023-12-29 09:41:15,45,47,2314,3067
2023-12-29 09:41:15,45,46,2314,3067
2023-12-29 09:41:17,46,47,2420,3173
2023-12-29 09:44:45,46,47,2420,3179
2023-12-29 09:45:52,46,48,2420,3179
2023-12-29 09:45:52,46,47,2420,3179
2023-12-29 09:46:02,46,48,2420,3179
2023-12-29 09:46:02,46,47,2420,3179
2023-12-29 09:46:04,46,48,2420,3179
2023-12-29 09:46:04,46,47,2420,3179
2023-12-29 09:46:10,46,48,2564,3323
2023-12-29 09:46:10,46,47,2564,3323
2023-12-29 09:46:46,46,48,2564,3323
2023-12-29 09:46:46,46,47,2564,3323
2023-12-29 09:47:05,46,48,2564,3323
2023-12-29 09:47:05,46,47,2564,3323
2023-12-29 09:47:25,47,48,2750,3509
2023-12-29 09:47:26,46,48,2750,3509
2023-12-29 09:47:26,46,47,2750,3509
2023-12-29 09:47:30,46,48,2750,3509
2023-12-29 09:47:31,46,47,2750,3509
2023-12-29 09:48:49,46,48,2750,3509
2023-12-29 09:48:49,46,47,2750,3509
2023-12-29 09:49:25,46,48,2750,3509
2023-12-29 09:49:26,46,47,2750,3509
2023-12-29 09:50:02,46,48,2750,3509
2023-12-29 09:50:02,46,47,2750,3509
2023-12-29 09:50:10,46,48,2750,3509
2023-12-29 09:50:11,47,48,2750,3509
2023-12-29 09:50:12,46,48,2750,3509
2023-12-29 09:50:12,46,47,2750,3509
2023-12-29 09:50:15,46,48,2750,3509
2023-12-29 09:50:17,46,47,2750,3509
2023-12-29 09:50:20,46,48,2750,3509
2023-12-29 09:50:20,46,47,2750,3509
2023-12-29 09:50:28,46,48,2750,3509
2023-12-29 09:50:29,46,47,2750,3509
2023-12-29 09:50:31,46,48,2750,3509
2023-12-29 09:50:32,47,48,2750,3509
2023-12-29 09:50:33,46,48,2750,3509
2023-12-29 09:50:33,46,47,2750,3509
2023-12-29 09:50:38,46,48,2750,3509
2023-12-29 09:50:38,47,48,2750,3509
2023-12-29 09:50:40,46,48,2750,3509
2023-12-29 09:50:41,46,47,2750,3509
2023-12-29 09:50:44,46,48,2750,3509
2023-12-29 09:50:44,47,48,2750,3509
2023-12-29 09:50:45,46,48,2750,3509
2023-12-29 09:50:47,47,48,2750,3509
2023-12-29 09:50:48,46,48,2750,3509
2023-12-29 09:50:50,47,48,2750,3509
2023-12-29 09:51:18,46,48,2750,3509
2023-12-29 09:51:20,47,48,2750,3509
2023-12-29 09:52:06,46,48,2750,3509
2023-12-29 09:52:06,47,48,2750,3509
2023-12-29 09:52:30,46,48,2750,3509
2023-12-29 09:52:30,47,48,2750,3509
2023-12-29 09:52:36,46,48,2750,3509
2023-12-29 09:52:36,47,48,2750,3509
2023-12-29 09:52:50,46,48,2750,3509
2023-12-29 09:52:50,47,48,2750,3509
2023-12-29 09:52:59,47,48,2750,3519
2023-12-29 09:53:38,46,48,2750,3519
2023-12-29 09:53:38,47,48,2750,3519
2023-12-29 09:53:45,46,48,2750,3519
2023-12-29 09:53:45,47,48,2750,3519
2023-12-29 09:53:49,46,48,2750,3519
2023-12-29 09:53:49,47,48,2750,3519
2023-12-29 09:54:45,46,48,2750,3519
2023-12-29 09:54:45,47,48,2750,3519
2023-12-29 09:56:01,46,48,2750,3519
2023-12-29 09:56:01,47,48,2750,3519
2023-12-29 09:56:07,47,49,2750,3519
2023-12-29 09:56:30,48,49,2750,3519
2023-12-29 09:57:01,47,49,2750,3519
2023-12-29 09:57:01,48,49,2750,3519
2023-12-29 09:57:17,47,49,2750,3519
2023-12-29 09:57:17,48,49,2750,3519
2023-12-29 09:57:31,47,49,2750,3519
2023-12-29 09:57:31,48,49,2750,3519
2023-12-29 09:57:56,47,49,2750,3519
2023-12-29 09:57:56,48,49,2750,3519
2023-12-29 09:58:18,47,49,2750,3519
2023-12-29 09:58:18,48,49,2750,3519
2023-12-29 09:58:20,47,49,2750,3519
2023-12-29 09:58:20,48,49,2750,3519
2023-12-29 09:58:41,47,49,2750,3519
2023-12-29 09:58:41,48,49,2750,3519
2023-12-29 09:58:55,47,49,2750,3519
2023-12-29 09:58:55,48,49,2750,3519
2023-12-29 09:59:45,47,49,2750,3519
2023-12-29 09:59:45,48,49,2750,3519
2023-12-29 10:00:40,48,50,2905,3874
2023-12-29 10:00:40,48,49,2905,3874
2023-12-29 10:00:53,48,50,2905,3874
2023-12-29 10:00:56,49,50,2905,3874
2023-12-29 10:01:05,48,50,2905,3874
2023-12-29 10:01:05,49,50,2905,3874
2023-12-29 10:01:18,48,50,2905,3874
2023-12-29 10:01:19,49,50,2905,3874
2023-12-29 10:01:25,48,50,2905,3874
2023-12-29 10:01:26,49,50,2905,3874
2023-12-29 10:03:04,49,51,2905,3874
2023-12-29 10:03:04,49,50,2905,3874
2023-12-29 10:04:15,49,51,2905,3874
2023-12-29 10:04:16,49,50,2905,3874
2023-12-29 10:04:19,49,51,2905,3874
2023-12-29 10:04:20,49,50,2905,3874
2023-12-29 10:04:26,49,51,2905,3874
2023-12-29 10:04:29,49,50,2905,3874
2023-12-29 10:04:38,49,51,2905,3874
2023-12-29 10:04:40,49,50,2905,3874
2023-12-29 10:04:47,49,51,2905,3874
2023-12-29 10:04:51,50,51,2905,3874
2023-12-29 10:04:52,49,51,2905,3874
2023-12-29 10:04:55,49,50,2905,3874
2023-12-29 10:05:02,49,51,2905,3874
2023-12-29 10:05:02,49,50,2905,3874
2023-12-29 10:05:26,49,51,2905,3874
2023-12-29 10:05:27,50,51,2905,3874
2023-12-29 10:05:44,49,51,2905,3874
2023-12-29 10:05:44,50,51,2905,3874
2023-12-29 10:07:49,50,52,2905,3874
2023-12-29 10:07:49,50,51,2905,3874
2023-12-29 10:07:52,50,52,2905,3874
2023-12-29 10:07:53,50,51,2905,3874
2023-12-29 10:08:54,50,52,2905,3874
2023-12-29 10:08:54,50,51,2905,3874
2023-12-29 10:08:58,50,52,2905,3874
2023-12-29 10:08:59,50,51,2905,3874
2023-12-29 10:09:21,50,52,2905,3874
2023-12-29 10:09:21,50,51,2905,3874
2023-12-29 10:10:36,50,52,2905,3874
2023-12-29 10:10:36,50,51,2905,3874
2023-12-29 10:10:56,50,52,2905,3874
2023-12-29 10:10:56,50,51,2905,3874
2023-12-29 10:11:07,50,52,2905,3874
2023-12-29 10:11:07,50,51,2905,3874
2023-12-29 10:11:10,50,52,2905,3874
2023-12-29 10:11:10,50,51,2905,3874
2023-12-29 10:11:19,50,52,2905,3874
2023-12-29 10:11:19,50,51,2905,3874
2023-12-29 10:12:51,50,52,2905,3874
2023-12-29 10:12:52,51,52,2905,3874
2023-12-29 10:12:54,50,52,2905,3874
2023-12-29 10:12:55,51,52,2905,3874
2023-12-29 10:13:00,50,52,2905,3874
2023-12-29 10:13:05,51,52,2905,3874
2023-12-29 10:13:06,50,52,2905,3874
2023-12-29 10:13:08,51,52,2905,3874
2023-12-29 10:13:16,50,52,2905,3874
2023-12-29 10:13:21,51,52,2905,3874
2023-12-29 10:13:22,50,52,2905,3874
2023-12-29 10:13:22,50,51,2905,3874
2023-12-29 10:13:24,50,52,2905,3874
2023-12-29 10:13:24,50,51,2905,3874
2023-12-29 10:13:32,50,52,2905,3874
2023-12-29 10:13:32,50,51,2905,3874
2023-12-29 10:13:42,50,52,2905,3874
2023-12-29 10:13:43,50,51,2905,3874
2023-12-29 10:13:46,50,52,2905,3874
2023-12-29 10:13:46,50,51,2905,3874
2023-12-29 10:14:09,50,52,2905,3874
2023-12-29 10:14:09,51,52,2905,3874
2023-12-29 10:14:10,50,52,2905,3874
2023-12-29 10:14:11,50,51,2905,3874
2023-12-29 10:18:13,50,52,2905,3874
2023-12-29 10:23:16,51,52,2905,3874
2023-12-29 10:24:55,50,52,2905,3874
2023-12-29 10:25:46,51,52,2905,3874
2023-12-29 10:28:15,52,53,2907,3876
2023-12-29 10:30:44,52,54,2907,3876
2023-12-29 10:33:17,51,54,2907,3876
2023-12-29 10:33:18,52,54,2907,3876
2023-12-29 10:33:22,51,54,2907,3876
2023-12-29 10:33:23,52,54,2907,3876
2023-12-29 10:33:25,52,53,2907,3876
2023-12-29 10:33:27,51,53,2907,3876
2023-12-29 10:34:27,51,52,2907,3876
2023-12-29 10:34:27,50,52,2907,3876
2023-12-29 10:34:38,50,53,2907,3876
2023-12-29 10:34:38,50,52,2907,3876
2023-12-29 10:34:43,50,53,2907,3876
2023-12-29 10:34:57,50,52,2907,3876
2023-12-29 10:34:58,50,53,2907,3876
2023-12-29 10:35:00,50,52,2907,3876
2023-12-29 10:35:01,50,53,2907,3876
2023-12-29 10:35:02,50,52,2907,3876
2023-12-29 10:35:13,50,51,2907,3876
2023-12-29 10:35:15,49,51,3107,4076
2023-12-29 10:35:23,49,50,3107,4076
2023-12-29 10:35:31,48,50,3107,4076
2023-12-29 10:36:14,49,50,3107,4076
2023-12-29 10:36:52,48,51,3107,4076
2023-12-29 10:37:00,49,51,3107,4076
2023-12-29 10:37:13,48,51,3107,4076
2023-12-29 10:37:26,48,50,3107,4076
2023-12-29 10:37:27,48,51,3107,4076
2023-12-29 10:37:28,48,50,3107,4076
2023-12-29 10:37:41,48,50,3107,4081
2023-12-29 10:37:42,48,51,3107,4081
2023-12-29 10:37:46,48,50,3107,4081
2023-12-29 10:38:01,48,51,3107,4081
2023-12-29 10:38:28,48,50,3107,4081
2023-12-29 10:39:09,48,51,3107,4081
2023-12-29 10:39:13,48,50,3107,4081
2023-12-29 10:39:17,48,51,3107,4081
2023-12-29 10:39:29,48,50,3107,4081
2023-12-29 10:39:31,48,51,3107,4081
2023-12-29 10:39:36,48,50,3107,4081
2023-12-29 10:40:35,48,49,3107,4081
2023-12-29 10:40:43,47,49,3107,4081
2023-12-29 10:41:27,47,48,3107,4081
2023-12-29 10:41:28,46,48,3107,4081
2023-12-29 10:41:51,46,47,3107,4081
2023-12-29 10:42:02,45,47,3107,4081
2023-12-29 10:42:20,45,46,3107,4081
2023-12-29 10:42:21,44,46,3107,4081
2023-12-29 10:43:34,44,45,3107,4081
2023-12-29 10:43:46,43,45,3107,4081
2023-12-29 10:45:08,43,46,3107,4081
2023-12-29 10:45:08,44,46,3107,4081
2023-12-29 10:45:50,43,46,3107,4081
2023-12-29 10:45:59,44,46,3107,4081
2023-12-29 10:46:02,43,46,3107,4081
2023-12-29 10:46:03,43,45,3107,4081
2023-12-29 10:46:09,43,44,3107,4081
2023-12-29 10:46:11,42,44,3107,4081
2023-12-29 10:46:25,42,44,3107,4331
2023-12-29 10:46:30,41,44,3107,4331
2023-12-29 10:46:30,41,43,3107,4331
2023-12-29 10:46:37,41,42,3107,4331
2023-12-29 10:46:38,40,42,3107,4331
2023-12-29 10:46:44,40,41,3107,4331
2023-12-29 10:46:47,40,41,3107,4581
2023-12-29 10:46:49,39,41,3107,4581
2023-12-29 10:47:11,39,42,3107,4581
2023-12-29 10:47:15,40,42,3107,4581
2023-12-29 10:47:19,40,42,3107,4831
2023-12-29 10:47:23,40,41,3107,4831
2023-12-29 10:47:24,39,41,3107,4831
2023-12-29 10:47:27,39,40,3107,4831
2023-12-29 10:47:32,37,39,2917,5021
2023-12-29 10:47:37,37,38,2917,5021
2023-12-29 10:47:38,36,38,2917,5021
2023-12-29 10:47:40,36,37,2917,5021
2023-12-29 10:47:47,35,37,2917,5171
2023-12-29 10:47:49,35,36,2917,5171
2023-12-29 10:47:54,35,36,2917,5421
2023-12-29 10:47:57,35,36,2917,5621
2023-12-29 10:47:58,35,36,2917,5821
2023-12-29 10:48:00,34,36,2917,5866
2023-12-29 10:48:01,33,34,2917,5866
2023-12-29 10:48:22,31,34,2917,6066
2023-12-29 10:48:23,31,33,2917,6066
2023-12-29 10:48:26,32,33,2917,6066
2023-12-29 10:48:27,32,34,2917,6066
2023-12-29 10:48:28,31,34,2723,6260
2023-12-29 10:48:28,32,34,2723,6260
2023-12-29 10:48:29,33,34,2723,6260
2023-12-29 10:48:32,32,34,2608,6446
2023-12-29 10:48:32,33,34,2608,6446
2023-12-29 10:48:34,32,34,2608,6591
2023-12-29 10:48:34,33,34,2608,6591
2023-12-29 10:48:36,32,34,2608,6789
2023-12-29 10:48:36,33,34,2608,6789
2023-12-29 10:48:37,32,34,2608,6978
2023-12-29 10:48:37,33,34,2608,6978
2023-12-29 10:48:39,32,34,2608,7165
2023-12-29 10:48:40,33,34,2608,7165
2023-12-29 10:48:41,32,34,2608,7349
2023-12-29 10:48:41,33,34,2608,7349
2023-12-29 10:48:44,31,34,2608,7461
2023-12-29 10:48:44,32,34,2608,7461
2023-12-29 10:48:44,33,34,2608,7461
2023-12-29 10:48:44,33,34,2598,7471
2023-12-29 10:48:45,33,34,2298,7771
2023-12-29 10:49:03,33,35,2298,7771
2023-12-29 10:49:04,34,35,2298,7771
2023-12-29 10:49:21,33,35,2298,7771
2023-12-29 10:49:21,34,35,2298,7771
2023-12-29 10:49:23,34,35,2298,7781
2023-12-29 10:49:36,33,35,2298,7781
2023-12-29 10:49:36,34,35,2298,7781
2023-12-29 10:49:42,34,35,1998,8081
2023-12-29 10:49:56,34,36,1998,8081
2023-12-29 10:50:01,35,36,1998,8081
2023-12-29 10:50:21,34,36,1998,8081
2023-12-29 10:50:21,35,36,1998,8081
2023-12-29 10:50:23,34,36,1998,8081
2023-12-29 10:50:23,35,36,1998,8081
2023-12-29 10:50:29,35,37,1998,8081
2023-12-29 10:50:29,36,37,1998,8081
2023-12-29 10:50:53,36,38,1998,8081
2023-12-29 10:50:55,37,38,1998,8081
2023-12-29 10:51:36,36,38,1998,8081
2023-12-29 10:51:36,37,38,1998,8081
2023-12-29 10:51:44,36,38,1998,8081
2023-12-29 10:51:44,37,38,1998,8081
2023-12-29 10:51:46,36,38,1998,8081
2023-12-29 10:51:46,37,38,1998,8081
2023-12-29 10:51:50,36,37,1880,8199
2023-12-29 10:52:04,36,38,1808,8271
2023-12-29 10:52:14,37,38,1808,8271
2023-12-29 10:52:15,35,38,1808,8271
2023-12-29 10:52:15,35,37,1808,8271
2023-12-29 10:52:15,36,37,1808,8271
2023-12-29 10:52:24,35,37,1808,8271
2023-12-29 10:52:41,35,36,1808,8271
2023-12-29 10:52:43,34,36,1808,8271
2023-12-29 10:53:10,35,36,1808,8271
2023-12-29 10:53:11,34,36,1808,8271
2023-12-29 10:53:11,35,36,1808,8271
2023-12-29 10:53:17,34,36,1808,8271
2023-12-29 10:53:19,34,35,1808,8271
2023-12-29 10:54:00,34,36,1808,8271
2023-12-29 10:54:02,34,35,1808,8271
2023-12-29 10:54:04,33,35,1808,8271
2023-12-29 10:54:04,34,35,1808,8271
2023-12-29 10:54:35,33,34,1686,8393
2023-12-29 10:54:37,33,35,1686,8393
2023-12-29 10:54:39,34,35,1686,8393
2023-12-29 10:54:52,33,35,1686,8393
2023-12-29 10:54:56,34,35,1686,8393
2023-12-29 10:54:59,33,35,1686,8393
2023-12-29 10:55:00,34,35,1686,8393
2023-12-29 10:55:03,33,35,1686,8393
2023-12-29 10:55:03,34,35,1686,8393
2023-12-29 10:55:04,33,35,1686,8393
2023-12-29 10:55:05,33,34,1686,8393
2023-12-29 10:55:35,33,35,1686,8393
2023-12-29 10:55:43,34,35,1686,8393
2023-12-29 10:55:46,33,35,1686,8393
2023-12-29 10:55:46,34,35,1686,8393
2023-12-29 10:55:51,34,36,1686,8393
2023-12-29 10:55:51,34,35,1686,8393
2023-12-29 10:55:54,34,36,1686,8393
2023-12-29 10:55:56,34,35,1686,8393
2023-12-29 10:55:56,33,35,1686,8393
2023-12-29 10:55:56,34,35,1686,8393
2023-12-29 10:55:58,34,36,1686,8393
2023-12-29 10:56:18,35,36,1686,8393
2023-12-29 10:56:21,34,36,1686,8393
2023-12-29 10:56:21,35,36,1686,8393
2023-12-29 10:56:23,34,36,1686,8393
2023-12-29 10:56:23,35,36,1686,8393
2023-12-29 10:56:25,35,37,1686,8393
2023-12-29 10:56:28,35,36,1686,8393
2023-12-29 10:56:29,35,37,1686,8393
2023-12-29 10:56:29,34,37,1686,8393
2023-12-29 10:56:30,35,37,1686,8393
2023-12-29 10:56:30,35,36,1686,8393
2023-12-29 10:56:35,35,37,1686,8393
2023-12-29 10:56:47,35,36,1686,8393
2023-12-29 10:56:50,35,37,1686,8393
2023-12-29 10:56:51,35,36,1686,8393
2023-12-29 10:57:02,35,37,1686,8393
2023-12-29 10:57:02,34,37,1686,8393
2023-12-29 10:57:02,34,36,1686,8393
2023-12-29 10:57:02,35,36,1686,8393
2023-12-29 10:57:03,35,37,1686,8393
2023-12-29 10:57:07,36,37,1686,8393
2023-12-29 10:57:09,35,37,1686,8393
2023-12-29 10:57:09,36,37,1686,8393
2023-12-29 10:57:11,35,37,1686,8393
2023-12-29 10:57:11,36,37,1686,8393
2023-12-29 10:57:23,36,38,1686,8393
2023-12-29 10:57:23,35,38,1686,8393
2023-12-29 10:57:23,35,37,1686,8393
2023-12-29 10:57:26,36,37,1686,8393
2023-12-29 10:58:15,36,38,1686,8393
2023-12-29 10:58:22,36,38,1381,8948
2023-12-29 10:58:24,37,38,1381,8948
2023-12-29 10:59:03,36,38,1381,8948
2023-12-29 10:59:03,36,37,1381,8948
2023-12-29 10:59:07,36,38,1381,8948
2023-12-29 10:59:07,36,37,1381,8948
2023-12-29 10:59:36,36,38,1381,8948
2023-12-29 10:59:36,36,37,1381,8948
2023-12-29 10:59:50,35,37,1381,8948
2023-12-29 10:59:50,35,36,1381,8948
2023-12-29 10:59:57,35,37,1381,8948
2023-12-29 10:59:58,35,36,1381,8948
2023-12-29 11:00:02,35,37,1381,8948
2023-12-29 11:00:02,35,36,1381,8948
2023-12-29 11:00:02,35,37,1381,9052
2023-12-29 11:00:02,36,37,1381,9052
2023-12-29 11:00:02,36,37,1381,9197
2023-12-29 11:00:02,35,36,1381,9198
2023-12-29 11:00:27,35,38,1381,9198
2023-12-29 11:00:27,35,37,1381,9198
2023-12-29 11:00:28,36,37,1381,9198
2023-12-29 11:00:42,36,38,1381,9198
2023-12-29 11:01:01,36,37,1381,9198
2023-12-29 11:01:02,36,38,1381,9198
2023-12-29 11:01:09,36,37,1381,9198
2023-12-29 11:01:11,36,38,1381,9198
2023-12-29 11:01:11,36,37,1381,9198
2023-12-29 11:01:12,36,38,1381,9198
2023-12-29 11:01:13,36,37,1381,9198
2023-12-29 11:01:31,36,38,1381,9198
2023-12-29 11:01:31,36,37,1381,9198
2023-12-29 11:01:36,36,38,1381,9198
2023-12-29 11:01:36,36,37,1381,9198
2023-12-29 11:02:00,37,38,1537,9354
2023-12-29 11:02:01,36,38,1537,9354
2023-12-29 11:02:01,36,37,1537,9354
2023-12-29 11:02:12,37,38,1660,9477
2023-12-29 11:02:21,37,39,1660,9477
2023-12-29 11:02:28,37,39,1451,10032
2023-12-29 11:02:29,38,39,1451,10032
2023-12-29 11:02:38,37,39,1451,10032
2023-12-29 11:02:38,37,38,1451,10032
2023-12-29 11:02:59,37,39,1451,10032
2023-12-29 11:03:00,38,39,1451,10032
2023-12-29 11:03:00,37,38,1528,10109
2023-12-29 11:03:56,37,39,1528,10109
2023-12-29 11:03:56,37,38,1528,10109
2023-12-29 11:04:21,37,38,1605,10186
2023-12-29 11:04:23,38,39,1668,10249
2023-12-29 11:05:23,38,39,1572,10499
2023-12-29 11:05:26,37,39,1572,10499
2023-12-29 11:05:26,37,38,1572,10499
2023-12-29 11:06:02,36,38,1572,10499
2023-12-29 11:06:02,36,37,1572,10499
2023-12-29 11:06:05,35,37,1572,10499
2023-12-29 11:06:10,35,38,1572,10499
2023-12-29 11:06:10,35,37,1572,10499
2023-12-29 11:06:16,35,38,1572,10499
2023-12-29 11:06:16,35,36,1572,10499
2023-12-29 11:06:16,35,38,1572,10499
2023-12-29 11:06:16,35,36,1572,10499
2023-12-29 11:06:26,35,37,1572,10499
2023-12-29 11:06:26,35,36,1572,10499
2023-12-29 11:06:36,35,37,1572,10499
2023-12-29 11:06:37,35,36,1572,10499
2023-12-29 11:06:42,35,37,1572,10499
2023-12-29 11:06:42,35,36,1572,10499
2023-12-29 11:06:51,34,36,1572,10499
2023-12-29 11:06:51,34,35,1572,10499
2023-12-29 11:07:04,35,37,1741,10668
2023-12-29 11:07:04,35,36,1741,10668
2023-12-29 11:07:05,34,36,1741,10668
2023-12-29 11:07:19,34,37,1741,10668
2023-12-29 11:07:20,34,36,1741,10668
2023-12-29 11:07:22,35,36,1741,10668
2023-12-29 11:07:22,35,37,1741,10668
2023-12-29 11:07:23,34,37,1741,10668
2023-12-29 11:07:24,35,37,1741,10668
2023-12-29 11:07:25,34,37,1741,10668
2023-12-29 11:07:27,34,36,1741,10668
2023-12-29 11:07:41,34,36,1991,10918
2023-12-29 11:07:44,34,35,1991,10918
2023-12-29 11:07:58,33,35,1991,10918
2023-12-29 11:08:21,33,34,1991,10918
2023-12-29 11:08:39,33,34,2191,11168
2023-12-29 11:08:40,32,34,2191,11168
2023-12-29 11:08:41,33,34,2191,11168
2023-12-29 11:08:42,32,34,2191,11168
2023-12-29 11:08:45,32,33,2191,11168
2023-12-29 11:08:47,31,33,2191,11168
2023-12-29 11:08:54,32,33,2191,11168
2023-12-29 11:08:57,32,34,2191,11168
2023-12-29 11:08:59,33,34,2191,11168
2023-12-29 11:09:00,32,34,2191,11168
2023-12-29 11:09:02,33,34,2191,11168
2023-12-29 11:09:04,33,35,2191,11168
2023-12-29 11:09:27,33,34,2191,11168
2023-12-29 11:09:27,32,34,2191,11168
2023-12-29 11:09:36,32,35,2191,11168
2023-12-29 11:09:36,33,35,2191,11168
2023-12-29 11:09:39,32,35,2191,11168
2023-12-29 11:09:39,33,35,2191,11168
2023-12-29 11:09:41,33,34,2191,11168
2023-12-29 11:09:41,32,34,2191,11168
2023-12-29 11:09:42,33,34,2191,11168
2023-12-29 11:09:44,32,34,2191,11168
2023-12-29 11:09:44,33,34,2191,11168
2023-12-29 11:09:53,33,35,2191,11168
2023-12-29 11:10:03,33,34,2191,11168
2023-12-29 11:10:06,33,35,2191,11168
2023-12-29 11:10:11,33,34,2191,11168
2023-12-29 11:10:12,33,35,2191,11168
2023-12-29 11:10:19,34,35,2191,11168
2023-12-29 11:10:25,32,35,2191,11168
2023-12-29 11:10:25,33,35,2191,11168
2023-12-29 11:10:37,33,34,2191,11168
2023-12-29 11:10:43,32,34,2191,11168
2023-12-29 11:10:43,33,34,2191,11168
2023-12-29 11:10:50,31,34,2191,11361
2023-12-29 11:10:50,32,34,2191,11361
2023-12-29 11:10:51,32,33,2191,11361
2023-12-29 11:11:25,32,34,2191,11361
2023-12-29 11:11:25,33,34,2191,11361
2023-12-29 11:11:26,33,35,2191,11361
2023-12-29 11:11:27,33,34,2191,11361
2023-12-29 11:11:29,32,34,2191,11361
2023-12-29 11:11:29,33,34,2191,11361
2023-12-29 11:11:30,33,35,2191,11361
2023-12-29 11:11:31,33,34,2191,11361
2023-12-29 11:11:43,32,34,2191,11476
2023-12-29 11:11:43,33,34,2191,11476
2023-12-29 11:11:45,31,34,2191,11633
2023-12-29 11:11:45,32,34,2191,11633
2023-12-29 11:11:48,33,34,2191,11633
2023-12-29 11:11:58,31,34,2191,11633
2023-12-29 11:11:58,33,34,2191,11633
2023-12-29 11:11:58,31,34,2191,11633
2023-12-29 11:11:58,33,34,2191,11633
2023-12-29 11:12:20,31,34,2191,11760
2023-12-29 11:12:20,32,34,2191,11760
2023-12-29 11:12:27,31,34,2191,11760
2023-12-29 11:12:27,33,34,2191,11760
2023-12-29 11:12:27,31,34,2191,11760
2023-12-29 11:12:27,33,34,2191,11760
2023-12-29 11:12:36,31,33,2090,11861
2023-12-29 11:12:36,32,33,2090,11861
2023-12-29 11:12:38,32,34,2090,11861
2023-12-29 11:12:39,32,33,2090,11861
2023-12-29 11:12:51,31,33,2090,11861
2023-12-29 11:12:51,32,33,2090,11861
2023-12-29 11:13:01,31,33,2090,11861
2023-12-29 11:13:01,32,33,2090,11861
2023-12-29 11:13:03,31,32,1895,12056
2023-12-29 11:13:04,31,33,1895,12056
2023-12-29 11:13:04,32,33,1895,12056
2023-12-29 11:13:15,31,32,1701,12250
2023-12-29 11:13:23,30,32,1701,12250
2023-12-29 11:13:23,31,32,1701,12250
2023-12-29 11:13:24,30,32,1701,12250
2023-12-29 11:13:27,30,31,1701,12250
2023-12-29 11:13:29,29,31,1701,12250
2023-12-29 11:13:34,30,31,1701,12250
2023-12-29 11:13:45,29,31,1701,12250
2023-12-29 11:13:50,30,31,1701,12250
2023-12-29 11:13:51,29,31,1701,12250
2023-12-29 11:13:52,30,31,1701,12250
2023-12-29 11:13:53,29,31,1701,12250
2023-12-29 11:13:55,30,31,1701,12250
2023-12-29 11:13:58,29,31,1701,12250
2023-12-29 11:13:59,30,31,1701,12250
2023-12-29 11:14:10,30,32,1701,12250
2023-12-29 11:14:16,30,31,1701,12250
2023-12-29 11:14:17,30,32,1701,12250
2023-12-29 11:14:18,30,31,1701,12250
2023-12-29 11:14:30,30,31,1695,12256
2023-12-29 11:14:31,30,31,1689,12262
2023-12-29 11:14:32,30,31,1683,12268
2023-12-29 11:14:33,30,31,1677,12274
2023-12-29 11:14:34,30,31,1671,12280
2023-12-29 11:14:35,30,31,1665,12286
2023-12-29 11:14:36,30,31,1659,12292
2023-12-29 11:14:37,30,31,1653,12298
2023-12-29 11:14:38,30,31,1647,12304
2023-12-29 11:14:39,30,31,1641,12310
2023-12-29 11:14:40,30,31,1635,12316
2023-12-29 11:14:41,30,31,1629,12322
2023-12-29 11:14:43,30,31,1623,12328
2023-12-29 11:14:44,30,31,1617,12334
2023-12-29 11:14:45,30,31,1611,12340
2023-12-29 11:14:46,30,31,1605,12346
2023-12-29 11:14:47,28,30,1556,12415
2023-12-29 11:14:47,29,30,1556,12415
2023-12-29 11:14:53,28,29,1556,12569
2023-12-29 11:14:54,28,30,1556,12569
2023-12-29 11:14:59,28,29,1556,12569
2023-12-29 11:15:05,27,29,1556,12569
2023-12-29 11:15:07,28,29,1556,12569
2023-12-29 11:15:15,27,29,1556,12569
2023-12-29 11:15:15,28,29,1556,12569
2023-12-29 11:15:17,27,28,1556,12726
2023-12-29 11:15:26,27,29,1556,12726
2023-12-29 11:15:26,28,29,1556,12726
2023-12-29 11:15:41,27,29,1556,12726
2023-12-29 11:15:41,28,29,1556,12726
2023-12-29 11:15:48,26,29,1556,13628
2023-12-29 11:15:48,26,28,1556,13628
2023-12-29 11:15:48,27,28,1556,13628
2023-12-29 11:15:48,27,29,1556,13878
2023-12-29 11:15:49,27,28,1556,13878
2023-12-29 11:15:49,26,28,1556,13878
2023-12-29 11:15:49,27,28,1556,13878
2023-12-29 11:15:51,26,28,1556,13878
2023-12-29 11:15:51,27,28,1556,13878
2023-12-29 11:16:01,26,28,1556,13878
2023-12-29 11:16:01,27,28,1556,13878
2023-12-29 11:16:12,26,27,1556,14060
2023-12-29 11:16:14,26,28,1556,14060
2023-12-29 11:16:14,27,28,1556,14060
2023-12-29 11:16:18,26,27,1556,14169
2023-12-29 11:16:19,26,28,1556,14169
2023-12-29 11:16:19,26,27,1556,14169
2023-12-29 11:16:22,25,27,1742,14355
2023-12-29 11:16:22,26,27,1742,14355
2023-12-29 11:16:23,25,27,1864,14477
2023-12-29 11:16:24,26,27,1864,14477
2023-12-29 11:16:27,25,26,1864,14607
2023-12-29 11:16:28,25,27,1864,14607
2023-12-29 11:16:28,26,27,1864,14607
2023-12-29 11:16:29,24,26,1864,14707
2023-12-29 11:16:29,25,26,1864,14707
2023-12-29 11:16:30,24,25,1895,14829
2023-12-29 11:16:32,23,25,1895,14829
2023-12-29 11:16:33,22,25,1895,14829
2023-12-29 11:16:33,22,24,1895,14829
2023-12-29 11:16:49,22,25,1895,14829
2023-12-29 11:17:01,22,24,1895,14829
2023-12-29 11:17:07,23,24,1895,14829
2023-12-29 11:17:08,22,24,1895,14829
2023-12-29 11:17:08,23,24,1895,14829
2023-12-29 11:17:22,23,24,2195,15129
2023-12-29 11:17:26,23,25,2195,15129
2023-12-29 11:17:26,24,25,2195,15129
2023-12-29 11:17:37,24,26,2195,15129
2023-12-29 11:17:37,25,26,2195,15129
2023-12-29 11:17:44,24,26,2195,15129
2023-12-29 11:17:44,25,26,2195,15129
2023-12-29 11:17:53,24,26,2195,15129
2023-12-29 11:17:53,25,26,2195,15129
2023-12-29 11:18:12,25,27,2195,15129
2023-12-29 11:18:12,26,27,2195,15129
2023-12-29 11:18:34,26,28,2195,15129
2023-12-29 11:18:34,27,28,2195,15129
2023-12-29 11:19:06,26,28,2195,15129
2023-12-29 11:19:06,27,28,2195,15129
2023-12-29 11:19:22,26,28,2195,15129
2023-12-29 11:19:22,26,27,2195,15129
2023-12-29 11:19:35,26,28,2195,15129
2023-12-29 11:19:35,27,28,2195,15129
2023-12-29 11:19:45,27,28,2236,15170
2023-12-29 11:19:46,27,28,2277,15211
2023-12-29 11:20:21,26,28,2297,15231
2023-12-29 11:20:22,26,27,2297,15231
2023-12-29 11:20:29,26,27,2302,15236
2023-12-29 11:20:33,24,27,2302,15236
2023-12-29 11:20:33,25,27,2302,15236
2023-12-29 11:20:40,26,27,2302,15236
2023-12-29 11:20:52,26,28,2343,15277
2023-12-29 11:21:09,26,27,2343,15277
2023-12-29 11:21:26,24,27,2343,15277
2023-12-29 11:21:26,25,27,2343,15277
2023-12-29 11:21:32,25,26,2343,15277
2023-12-29 11:21:38,25,27,2343,15277
2023-12-29 11:21:42,25,26,2343,15277
2023-12-29 11:21:49,25,27,2343,15277
2023-12-29 11:21:53,25,26,2343,15277
2023-12-29 11:21:55,23,26,2343,15277
2023-12-29 11:21:55,24,26,2343,15277
2023-12-29 11:22:30,24,25,2343,15277
2023-12-29 11:22:31,24,26,2538,15472
2023-12-29 11:22:32,24,25,2538,15472
2023-12-29 11:22:47,23,25,2538,15472
2023-12-29 11:23:02,23,24,2538,15472
2023-12-29 11:23:04,23,25,2538,15472
2023-12-29 11:23:10,24,25,2538,15472
2023-12-29 11:23:18,24,26,2738,15672
2023-12-29 11:23:24,24,25,2738,15672
2023-12-29 11:23:27,24,26,2738,15672
2023-12-29 11:24:08,24,25,2738,15672
2023-12-29 11:24:13,23,25,2738,15672
2023-12-29 11:24:24,23,24,2738,15672
2023-12-29 11:24:41,23,25,2738,15672
2023-12-29 11:25:03,24,25,2738,15672
2023-12-29 11:25:10,23,25,2738,15672
2023-12-29 11:25:22,23,24,2738,15672
2023-12-29 11:25:30,22,24,2738,15672
2023-12-29 11:25:33,22,23,2738,15672
2023-12-29 11:25:41,22,24,2738,15672
2023-12-29 11:25:44,23,24,2738,15672
2023-12-29 11:25:50,23,25,2738,15672
2023-12-29 11:26:35,24,25,2738,15672
2023-12-29 11:26:47,24,26,2738,15672
2023-12-29 11:27:03,24,25,2738,15672
2023-12-29 11:27:19,23,25,2738,15672
2023-12-29 11:27:19,22,25,2738,15672
2023-12-29 11:27:19,23,25,2738,15672
2023-12-29 11:27:46,23,24,2738,15672
2023-12-29 11:28:09,23,25,2738,15672
2023-12-29 11:28:18,23,24,2738,15672
2023-12-29 11:28:35,22,24,2738,15672
2023-12-29 11:28:42,22,23,2738,15672
2023-12-29 11:28:47,21,23,2738,15672
2023-12-29 11:29:08,22,23,2738,15672
2023-12-29 11:29:09,21,23,2738,15672
2023-12-29 11:29:34,21,22,2738,15672
2023-12-29 11:30:09,21,22,2743,15677
2023-12-29 11:30:17,21,23,2743,15677
2023-12-29 11:30:23,20,23,2743,15677
2023-12-29 11:30:23,22,23,2743,15677
2023-12-29 11:30:23,20,23,2743,15677
2023-12-29 11:30:23,21,23,2743,15677
2023-12-29 11:30:24,20,23,2743,15677
2023-12-29 11:30:24,21,23,2743,15677
2023-12-29 11:30:24,22,23,2743,15677
2023-12-29 11:30:56,22,24,2743,15677
2023-12-29 11:30:56,23,24,2743,15677
2023-12-29 11:31:02,22,24,2743,15677
2023-12-29 11:31:10,22,23,2743,15677
2023-12-29 11:31:13,21,23,2743,15677
2023-12-29 11:31:38,22,23,2743,15677
2023-12-29 11:31:39,21,23,2743,15677
2023-12-29 11:31:40,22,23,2743,15677
2023-12-29 11:31:41,21,23,2743,15677
2023-12-29 11:31:54,21,22,2743,15677
2023-12-29 11:32:04,21,23,2743,15677
2023-12-29 11:32:09,21,22,2743,15677
2023-12-29 11:32:16,21,23,2743,15677
2023-12-29 11:32:16,21,22,2743,15677
2023-12-29 11:32:20,21,23,2743,15677
2023-12-29 11:32:24,21,22,2743,15677
2023-12-29 11:32:26,21,23,2743,15677
2023-12-29 11:32:33,21,22,2743,15677
2023-12-29 11:32:43,20,22,2743,15677
2023-12-29 11:32:49,20,21,2743,15677
2023-12-29 11:32:51,20,22,2743,15677
2023-12-29 11:32:52,20,21,2743,15677
2023-12-29 11:32:54,20,22,2743,15677
2023-12-29 11:32:55,20,21,2743,15677
2023-12-29 11:33:00,20,22,2743,15677
2023-12-29 11:33:27,20,21,2743,15677
2023-12-29 11:33:29,20,22,2743,15677
2023-12-29 11:33:29,20,21,2743,15677
2023-12-29 11:33:33,20,22,2743,15677
2023-12-29 11:33:33,20,21,2743,15677
2023-12-29 11:33:38,20,22,2743,15677
2023-12-29 11:33:39,20,21,2743,15677
2023-12-29 11:33:40,20,22,2743,15677
2023-12-29 11:33:43,20,21,2743,15677
2023-12-29 11:33:57,20,22,2743,15677
2023-12-29 11:33:57,21,22,2743,15677
2023-12-29 11:34:03,20,22,2743,15677
2023-12-29 11:34:03,20,21,2743,15677
2023-12-29 11:34:05,20,22,2743,15677
2023-12-29 11:34:05,20,21,2743,15677
2023-12-29 11:34:29,20,22,2743,15677
2023-12-29 11:34:31,21,22,2743,15677
2023-12-29 11:34:36,20,22,2743,15677
2023-12-29 11:34:36,20,21,2743,15677
2023-12-29 11:34:37,20,22,2743,15677
2023-12-29 11:34:37,21,22,2743,15677
2023-12-29 11:34:46,21,23,2743,15677
2023-12-29 11:34:46,21,22,2743,15677
2023-12-29 11:34:55,20,22,2743,15677
2023-12-29 11:34:55,20,21,2743,15677
2023-12-29 11:35:07,20,22,2743,15677
2023-12-29 11:35:08,20,21,2743,15677
2023-12-29 11:35:14,20,22,2743,15677
2023-12-29 11:35:17,21,22,2743,15677
2023-12-29 11:35:24,20,22,2743,15677
2023-12-29 11:35:29,20,21,2743,15677
2023-12-29 11:35:30,20,22,2743,15677
2023-12-29 11:35:31,20,21,2743,15677
2023-12-29 11:35:33,20,22,2743,15677
2023-12-29 11:35:33,20,21,2743,15677
2023-12-29 11:35:40,20,22,2743,15677
2023-12-29 11:35:40,20,21,2743,15677
2023-12-29 11:35:46,20,22,2743,15677
2023-12-29 11:35:46,20,21,2743,15677
2023-12-29 11:35:50,20,22,2743,15677
2023-12-29 11:35:51,20,21,2743,15677
2023-12-29 11:38:11,19,21,2743,15677
2023-12-29 11:38:11,19,20,2743,15677
2023-12-29 11:38:37,19,21,2743,15677
2023-12-29 11:38:40,19,20,2743,15677
2023-12-29 11:38:41,19,21,2743,15677
2023-12-29 11:38:42,19,20,2743,15677
2023-12-29 11:38:43,19,21,2743,15677
2023-12-29 11:38:43,20,21,2743,15677
2023-12-29 11:38:48,20,22,2743,15677
2023-12-29 11:38:48,21,22,2743,15677
2023-12-29 11:39:00,20,22,2743,15677
2023-12-29 11:39:15,21,22,2743,15677
2023-12-29 11:39:27,21,23,2743,15677
2023-12-29 11:39:34,21,22,2743,15677
2023-12-29 11:39:39,21,23,2743,15677
2023-12-29 11:39:40,21,22,2743,15677
2023-12-29 11:39:41,21,23,2743,15677
2023-12-29 11:40:02,21,22,2743,15677
2023-12-29 11:40:03,21,23,2743,15677
2023-12-29 11:40:04,22,23,2743,15677
2023-12-29 11:40:44,22,24,2743,15677
2023-12-29 11:40:44,22,23,2743,15677
2023-12-29 11:40:44,22,24,2548,15872
2023-12-29 11:40:44,22,23,2548,15872
2023-12-29 11:40:49,22,24,2548,15872
2023-12-29 11:40:58,22,23,2548,15872
2023-12-29 11:41:29,22,24,2548,15872
2023-12-29 11:41:29,22,23,2548,15872
2023-12-29 11:41:34,22,24,2548,15872
2023-12-29 11:41:34,22,23,2548,15872
2023-12-29 11:41:36,22,24,2548,15872
2023-12-29 11:41:36,22,23,2548,15872
2023-12-29 11:41:57,21,23,2548,15872
2023-12-29 11:41:57,21,22,2548,15872
2023-12-29 11:42:20,21,23,2548,15872
2023-12-29 11:42:21,21,22,2548,15872
2023-12-29 11:42:28,21,23,2548,15872
2023-12-29 11:42:32,21,22,2548,15872
2023-12-29 11:42:42,21,23,2548,15872
2023-12-29 11:42:43,21,22,2548,15872
2023-12-29 11:42:47,21,23,2548,15872
2023-12-29 11:42:47,21,22,2548,15872
2023-12-29 11:42:55,20,22,2548,15872
2023-12-29 11:43:01,20,23,2548,15872
2023-12-29 11:43:01,20,21,2548,15872
2023-12-29 11:43:01,20,23,2548,15872
2023-12-29 11:43:01,20,21,2548,15872
2023-12-29 11:43:15,20,22,2548,15872
2023-12-29 11:43:41,21,22,2548,15872
2023-12-29 11:43:44,20,22,2548,15872
2023-12-29 11:43:47,20,21,2548,15872
2023-12-29 11:43:52,20,22,2548,15872
2023-12-29 11:43:52,20,21,2548,15872
2023-12-29 11:43:54,20,22,2548,15872
2023-12-29 11:43:56,20,21,2548,15872
2023-12-29 11:44:06,20,22,2548,15872
2023-12-29 11:44:06,20,21,2548,15872
2023-12-29 11:44:14,20,23,2548,15872
2023-12-29 11:44:14,20,21,2548,15872
2023-12-29 11:44:39,20,22,2548,15872
2023-12-29 11:44:39,20,21,2548,15872
2023-12-29 11:44:53,20,23,2548,15872
2023-12-29 11:44:53,20,22,2548,15872
2023-12-29 11:44:59,21,22,2548,15872
2023-12-29 11:45:01,21,23,2548,15872
2023-12-29 11:45:01,21,22,2548,15872
2023-12-29 11:45:04,21,23,2548,15872
2023-12-29 11:45:04,21,22,2548,15872
2023-12-29 11:45:11,21,23,2548,15872
2023-12-29 11:45:11,21,22,2548,15872
2023-12-29 11:45:14,21,23,2548,15872
2023-12-29 11:45:17,21,24,2548,15872
2023-12-29 11:45:17,21,23,2548,15872
2023-12-29 11:45:19,22,23,2548,15872
2023-12-29 11:45:21,21,23,2548,15872
2023-12-29 11:45:26,21,24,2548,15872
2023-12-29 11:45:26,21,23,2548,15872
2023-12-29 11:45:30,22,23,2548,15872
2023-12-29 11:45:31,22,24,2548,15872
2023-12-29 11:45:40,22,23,2548,15872
2023-12-29 11:45:45,22,24,2548,15872
2023-12-29 11:45:46,22,23,2548,15872
2023-12-29 11:45:48,22,24,2548,15872
2023-12-29 11:45:49,22,23,2548,15872
2023-12-29 11:45:53,22,24,2548,15872
2023-12-29 11:45:54,22,23,2548,15872
2023-12-29 11:45:57,22,24,2548,15872
2023-12-29 11:45:57,22,23,2548,15872
2023-12-29 11:46:36,22,24,2548,15872
2023-12-29 11:46:59,22,23,2548,15872
2023-12-29 11:47:05,22,24,2548,15872
2023-12-29 11:47:06,22,23,2548,15872
2023-12-29 11:47:19,22,24,2548,15872
2023-12-29 11:47:19,22,23,2548,15872
2023-12-29 11:47:21,22,24,2448,15972
2023-12-29 11:47:21,22,23,2448,15972
2023-12-29 11:47:27,22,24,2338,16082
2023-12-29 11:47:27,22,23,2338,16082
2023-12-29 11:47:28,22,24,2338,16082
2023-12-29 11:47:29,23,24,2338,16082
2023-12-29 11:47:49,23,25,2182,16238
2023-12-29 11:47:49,23,24,2182,16238
2023-12-29 11:47:51,23,25,2182,16238
2023-12-29 11:47:51,23,24,2182,16238
2023-12-29 11:47:52,23,25,2182,16238
2023-12-29 11:47:54,23,24,2182,16238
2023-12-29 11:47:54,23,25,1987,16433
2023-12-29 11:47:58,23,24,1987,16433
2023-12-29 11:48:01,23,25,1987,16433
2023-12-29 11:48:01,23,24,1987,16433
2023-12-29 11:48:19,23,25,1794,16626
2023-12-29 11:48:19,23,24,1794,16626
2023-12-29 11:48:21,23,25,1794,16626
2023-12-29 11:48:21,23,24,1794,16626
2023-12-29 11:48:21,23,25,1621,16799
2023-12-29 11:48:21,23,24,1621,16799
2023-12-29 11:48:23,23,25,1449,16971
2023-12-29 11:48:23,23,24,1449,16971
2023-12-29 11:48:32,23,25,1265,17155
2023-12-29 11:48:32,23,24,1265,17155
2023-12-29 11:48:34,23,25,1265,17155
2023-12-29 11:48:34,23,24,1265,17155
2023-12-29 11:48:45,23,25,1265,17155
2023-12-29 11:48:45,23,24,1265,17155
2023-12-29 11:48:52,23,25,1265,17155
2023-12-29 11:48:54,23,24,1265,17155
2023-12-29 11:49:26,23,25,1265,17155
2023-12-29 11:49:41,23,26,1265,17155
2023-12-29 11:49:41,23,24,1265,17155
2023-12-29 11:49:41,23,26,1265,17155
2023-12-29 11:49:41,23,24,1265,17155
2023-12-29 11:49:49,24,26,1079,17341
2023-12-29 11:49:49,24,25,1079,17341
2023-12-29 11:49:51,23,25,1079,17341
2023-12-29 11:49:52,24,25,1079,17341
2023-12-29 11:49:53,23,25,1079,17341
2023-12-29 11:49:54,24,25,1079,17341
2023-12-29 11:50:29,24,26,1079,17341
2023-12-29 11:50:29,24,25,1079,17341
2023-12-29 11:50:32,23,25,1079,17341
2023-12-29 11:50:36,23,24,1079,17341
2023-12-29 11:50:39,23,25,1079,17341
2023-12-29 11:50:39,23,24,1079,17341
2023-12-29 11:50:49,24,26,918,17502
2023-12-29 11:50:49,24,25,918,17502
2023-12-29 11:50:50,23,25,918,17502
2023-12-29 11:50:56,23,24,918,17502
2023-12-29 11:51:19,22,24,918,17502
2023-12-29 11:51:20,22,23,918,17502
2023-12-29 11:51:29,21,23,918,17502
2023-12-29 11:51:50,22,23,918,17502
2023-12-29 11:52:14,21,23,918,17502
2023-12-29 11:52:14,21,22,918,17502
2023-12-29 11:52:31,21,23,918,17502
2023-12-29 11:52:31,21,22,918,17502
2023-12-29 11:52:49,21,23,918,17502
2023-12-29 11:52:49,21,22,918,17502
2023-12-29 11:52:56,21,23,918,17502
2023-12-29 11:52:56,21,22,918,17502
2023-12-29 11:53:06,21,23,918,17502
2023-12-29 11:53:06,21,22,918,17502
2023-12-29 11:53:09,21,23,822,17612
2023-12-29 11:53:09,21,22,822,17612
2023-12-29 11:53:45,20,22,822,17612
2023-12-29 11:53:45,20,21,822,17612
2023-12-29 11:54:06,19,21,822,17612
2023-12-29 11:54:11,19,20,822,17612
2023-12-29 11:54:12,19,21,822,17612
2023-12-29 11:54:13,19,20,822,17612
2023-12-29 11:54:22,19,21,822,17612
2023-12-29 11:54:22,19,20,822,17612
2023-12-29 11:54:23,19,21,822,17612
2023-12-29 11:54:24,20,21,822,17612
2023-12-29 11:54:24,19,21,822,17717
2023-12-29 11:54:27,20,21,822,17717
2023-12-29 11:54:27,20,22,822,17911
2023-12-29 11:54:29,20,23,822,17911
2023-12-29 11:54:31,21,23,822,17911
2023-12-29 11:54:35,21,22,822,17911
2023-12-29 11:54:36,21,23,822,17911
2023-12-29 11:54:44,21,24,822,17911
2023-12-29 11:54:57,22,24,822,17911
2023-12-29 11:55:15,22,23,822,17911
2023-12-29 11:55:17,22,24,822,17911
2023-12-29 11:55:17,22,23,822,17911
2023-12-29 11:55:22,21,23,822,17911
2023-12-29 11:55:25,21,24,822,17911
2023-12-29 11:55:25,21,22,822,17911
2023-12-29 11:55:25,21,24,822,17911
2023-12-29 11:55:25,21,22,822,17911
2023-12-29 11:55:50,21,23,822,18011
2023-12-29 11:56:02,21,24,822,18011
2023-12-29 11:56:02,21,22,822,18011
2023-12-29 11:56:07,21,24,822,18136
2023-12-29 11:56:07,21,23,822,18136
2023-12-29 11:56:20,22,23,822,18136
2023-12-29 11:56:24,22,24,822,18136
2023-12-29 11:56:27,23,24,822,18136
2023-12-29 11:56:30,23,25,822,18136
2023-12-29 11:56:30,23,24,822,18136
2023-12-29 11:56:40,23,25,822,18136
2023-12-29 11:56:40,23,24,822,18136
2023-12-29 11:56:58,23,25,822,18283
2023-12-29 11:56:58,23,24,822,18283
2023-12-29 11:56:59,23,25,822,18283
2023-12-29 11:57:04,23,24,822,18283
2023-12-29 11:57:07,23,25,822,18283
2023-12-29 11:57:07,23,24,822,18283
2023-12-29 11:57:22,23,25,822,18283
2023-12-29 11:57:22,23,24,822,18283
2023-12-29 11:57:27,23,25,822,18283
2023-12-29 11:57:28,23,24,822,18283
2023-12-29 11:57:30,23,25,822,18283
2023-12-29 11:57:31,23,24,822,18283
2023-12-29 11:57:36,23,25,822,18283
2023-12-29 11:57:37,23,24,822,18283
2023-12-29 11:57:41,23,25,822,18283
2023-12-29 11:57:41,23,24,822,18283
2023-12-29 11:57:51,23,25,822,18283
2023-12-29 11:57:52,23,24,822,18283
2023-12-29 11:58:24,23,25,822,18283
2023-12-29 11:58:25,23,24,822,18283
2023-12-29 11:58:36,23,25,822,18283
2023-12-29 11:58:36,23,24,822,18283
2023-12-29 11:58:54,23,25,822,18283
2023-12-29 11:58:54,23,24,822,18283
2023-12-29 11:58:55,23,25,822,18283
2023-12-29 11:58:55,23,24,822,18283
2023-12-29 11:59:03,23,25,822,18283
2023-12-29 11:59:05,23,24,822,18283
2023-12-29 11:59:10,22,24,822,18283
2023-12-29 11:59:12,22,23,822,18283
2023-12-29 11:59:31,22,24,822,18283
2023-12-29 11:59:31,22,23,822,18283
2023-12-29 11:59:42,21,23,822,18283
2023-12-29 11:59:42,21,22,822,18283
2023-12-29 12:00:21,21,23,822,18283
2023-12-29 12:00:21,21,22,822,18283
2023-12-29 12:00:26,21,23,822,18283
2023-12-29 12:00:27,21,24,822,18283
2023-12-29 12:00:27,21,23,822,18283
2023-12-29 12:00:27,21,22,822,18283
2023-12-29 12:00:28,22,24,788,18406
2023-12-29 12:00:28,22,23,788,18406
2023-12-29 12:00:29,21,23,788,18406
2023-12-29 12:00:30,21,22,788,18406
2023-12-29 12:00:33,22,24,788,18534
2023-12-29 12:00:33,22,23,788,18534
2023-12-29 12:00:34,22,24,899,18645
2023-12-29 12:00:35,22,23,899,18645
2023-12-29 12:00:45,22,24,899,18645
2023-12-29 12:00:45,22,23,899,18645
2023-12-29 12:01:01,22,24,899,18645
2023-12-29 12:01:01,22,23,899,18645
2023-12-29 12:01:02,22,24,1030,18776
2023-12-29 12:01:02,22,23,1030,18776
2023-12-29 12:01:03,23,24,1030,18916
2023-12-29 12:01:03,23,25,1030,18916
2023-12-29 12:01:03,23,24,1030,18916
2023-12-29 12:01:05,23,25,1030,18916
2023-12-29 12:01:11,23,24,1030,18916
2023-12-29 12:01:12,23,25,1030,18916
2023-12-29 12:01:19,23,24,1030,18916
2023-12-29 12:01:20,23,25,1227,19113
2023-12-29 12:01:22,24,25,1227,19113
2023-12-29 12:01:25,24,26,1227,19113
2023-12-29 12:01:45,24,25,1227,19113
2023-12-29 12:01:47,24,26,1409,19295
2023-12-29 12:01:47,24,25,1409,19295
2023-12-29 12:01:48,24,26,1556,19442
2023-12-29 12:01:48,24,25,1556,19442
2023-12-29 12:01:48,24,26,1703,19589
2023-12-29 12:01:49,24,25,1703,19589
2023-12-29 12:01:49,24,26,1703,19589
2023-12-29 12:01:49,24,25,1703,19589
2023-12-29 12:01:50,24,26,1882,19768
2023-12-29 12:01:50,24,25,1882,19768
2023-12-29 12:01:51,24,26,1882,19768
2023-12-29 12:01:51,24,25,1882,19768
2023-12-29 12:01:53,24,26,2061,19947
2023-12-29 12:01:54,24,25,2061,19947
2023-12-29 12:02:05,24,26,2061,19947
2023-12-29 12:02:05,24,25,2061,19947
2023-12-29 12:02:18,23,25,2061,19947
2023-12-29 12:02:19,23,24,2061,19947
2023-12-29 12:02:21,22,24,2061,19947
2023-12-29 12:02:23,21,24,2061,19947
2023-12-29 12:02:25,22,24,2061,19947
2023-12-29 12:02:28,21,24,2061,19947
2023-12-29 12:02:33,21,23,2061,19947
2023-12-29 12:02:47,21,22,2061,19947
2023-12-29 12:02:49,21,23,2061,19947
2023-12-29 12:02:59,21,22,2061,19947
2023-12-29 12:03:07,21,23,2061,19947
2023-12-29 12:03:07,21,22,2061,19947
2023-12-29 12:03:14,21,23,2061,19947
2023-12-29 12:03:25,21,23,2061,19947
2023-12-29 12:03:26,21,22,2061,19947
2023-12-29 12:03:35,21,23,2061,19947
2023-12-29 12:03:35,21,22,2061,19947
2023-12-29 12:03:55,21,23,2245,20131
2023-12-29 12:03:55,21,22,2245,20131
2023-12-29 12:04:01,21,23,2398,20284
2023-12-29 12:04:01,21,22,2398,20284
2023-12-29 12:04:02,21,23,2398,20284
2023-12-29 12:04:19,21,22,2398,20284
2023-12-29 12:04:34,21,23,2398,20284
2023-12-29 12:04:35,21,22,2398,20284
2023-12-29 12:04:43,20,22,2398,20284
2023-12-29 12:04:44,20,21,2398,20284
2023-12-29 12:04:51,20,23,2398,20284
2023-12-29 12:04:51,20,22,2398,20284
2023-12-29 12:04:52,20,21,2398,20284
2023-12-29 12:04:54,20,23,2398,20284
2023-12-29 12:04:54,20,21,2398,20284
2023-12-29 12:04:54,20,22,2398,20284
2023-12-29 12:04:54,20,23,2398,20284
2023-12-29 12:04:54,20,22,2398,20284
2023-12-29 12:04:54,20,21,2398,20284
2023-12-29 12:05:16,20,22,2398,20284
2023-12-29 12:05:16,20,21,2398,20284
2023-12-29 12:05:18,20,21,2442,20344
2023-12-29 12:05:19,19,21,2442,20344
2023-12-29 12:05:29,19,20,2442,20344
2023-12-29 12:05:49,18,20,2442,20544
2023-12-29 12:05:49,18,19,2442,20544
2023-12-29 12:05:50,18,20,2442,20544
2023-12-29 12:06:12,19,20,2442,20544
2023-12-29 12:06:14,18,20,2442,20544
2023-12-29 12:06:38,18,19,2442,20544
2023-12-29 12:06:47,18,20,2442,20544
2023-12-29 12:06:48,18,19,2442,20544
2023-12-29 12:06:55,17,19,2442,20544
2023-12-29 12:07:01,17,18,2442,20544
2023-12-29 12:07:02,16,18,2442,20544
2023-12-29 12:07:24,16,19,2442,20544
2023-12-29 12:07:27,16,18,2442,20544
2023-12-29 12:07:28,16,19,2442,20544
2023-12-29 12:07:32,17,19,2442,20544
2023-12-29 12:07:34,17,18,2442,20544
2023-12-29 12:07:35,16,18,2442,20544
2023-12-29 12:07:37,17,18,2442,20544
2023-12-29 12:07:39,16,18,2442,20544
2023-12-29 12:07:39,16,19,2442,20544
2023-12-29 12:07:39,17,19,2442,20544
2023-12-29 12:07:55,17,20,2589,20691
2023-12-29 12:08:05,18,20,2589,20691
2023-12-29 12:08:23,17,20,2589,20691
2023-12-29 12:08:41,18,20,2589,20691
2023-12-29 12:08:47,17,20,2589,20691
2023-12-29 12:09:20,18,20,2589,20691
2023-12-29 12:09:22,17,20,2589,20691
2023-12-29 12:09:23,18,20,2589,20691
2023-12-29 12:09:32,17,20,2589,20691
2023-12-29 12:09:36,17,19,2589,20691
2023-12-29 12:09:51,16,19,2589,20691
2023-12-29 12:10:04,17,19,2589,20691
2023-12-29 12:10:09,17,20,2589,20691
2023-12-29 12:10:11,17,19,2589,20691
2023-12-29 12:10:23,16,19,2589,20691
2023-12-29 12:10:24,17,19,2589,20691
2023-12-29 12:10:26,16,19,2589,20691
2023-12-29 12:10:45,17,19,2589,20691
2023-12-29 12:10:52,16,19,2589,20691
2023-12-29 12:10:58,17,19,2589,20691
2023-12-29 12:11:08,16,19,2589,20691
2023-12-29 12:11:08,17,19,2589,20691
2023-12-29 12:12:16,16,19,2589,20691
2023-12-29 12:12:16,17,19,2589,20691
2023-12-29 12:12:17,16,19,2589,20691
2023-12-29 12:12:17,17,19,2589,20691
2023-12-29 12:12:21,16,19,2589,20691
2023-12-29 12:12:22,17,19,2589,20691
2023-12-29 12:12:26,16,19,2589,20691
2023-12-29 12:12:31,17,19,2589,20691
2023-12-29 12:12:40,17,20,2589,20691
2023-12-29 12:12:57,17,19,2589,20691
2023-12-29 12:13:06,16,19,2589,20691
2023-12-29 12:13:10,17,19,2589,20691
2023-12-29 12:13:21,17,20,2589,20691
2023-12-29 12:13:30,17,19,2589,20691
2023-12-29 12:13:34,16,19,2589,20691
2023-12-29 12:13:34,17,19,2589,20691
2023-12-29 12:13:36,16,19,2589,20691
2023-12-29 12:13:51,16,18,2589,20691
2023-12-29 12:14:13,16,17,2589,20691
2023-12-29 12:14:13,15,17,2589,20891
2023-12-29 12:14:14,15,16,2589,20891
2023-12-29 12:14:23,15,17,2589,20891
2023-12-29 12:14:27,15,16,2589,20891
2023-12-29 12:14:29,15,17,2589,20891
2023-12-29 12:15:01,15,16,2589,20891
2023-12-29 12:15:08,15,17,2589,20891
2023-12-29 12:15:13,15,16,2589,20891
2023-12-29 12:15:33,15,17,2589,20891
2023-12-29 12:15:58,15,18,2589,20891
2023-12-29 12:16:05,15,17,2589,20891
2023-12-29 12:16:21,15,18,2589,20891
2023-12-29 12:16:41,16,18,2589,20891
2023-12-29 12:16:46,15,18,2589,20891
2023-12-29 12:16:50,15,17,2589,20891
2023-12-29 12:16:54,15,18,2589,20891
2023-12-29 12:17:08,15,16,2589,20891
2023-12-29 12:17:30,15,16,2600,20902
2023-12-29 12:17:37,15,16,2606,20908
2023-12-29 12:17:37,15,16,2607,20909
2023-12-29 12:17:52,15,16,2608,20910
2023-12-29 12:17:55,14,16,2639,20941
2023-12-29 12:17:55,14,15,2639,20941
2023-12-29 12:18:04,14,16,2639,20941
2023-12-29 12:18:05,14,15,2639,20941
2023-12-29 12:18:24,14,16,2806,21108
2023-12-29 12:18:30,14,18,2806,21108
2023-12-29 12:18:30,15,18,2806,21108
2023-12-29 12:19:05,15,19,2806,21108
2023-12-29 12:19:06,16,18,2806,21108
2023-12-29 12:19:24,15,18,2806,21108
2023-12-29 12:19:54,15,17,2806,21108
2023-12-29 12:20:00,15,18,2806,21108
2023-12-29 12:20:57,15,19,2806,21108
2023-12-29 12:20:58,16,19,2806,21108
2023-12-29 12:21:10,17,19,2806,21108
2023-12-29 12:21:22,16,19,2806,21308
2023-12-29 12:21:22,16,18,2806,21308
2023-12-29 12:21:22,15,18,2806,21308
2023-12-29 12:21:54,15,17,2806,21308
2023-12-29 12:22:12,14,17,2806,21308
2023-12-29 12:22:14,14,16,2806,21308
2023-12-29 12:22:25,14,15,2806,21308
2023-12-29 12:22:34,14,16,2806,21308
2023-12-29 12:22:59,14,15,2806,21308
2023-12-29 12:23:00,13,15,2806,21308
2023-12-29 12:23:50,13,14,2806,21308
2023-12-29 12:23:50,12,14,3006,21508
2023-12-29 12:23:51,12,13,3006,21508
2023-12-29 12:23:53,12,13,3006,21708
2023-12-29 12:24:00,11,12,3006,21758
2023-12-29 12:24:32,12,13,3056,21808
2023-12-29 12:24:34,12,14,3056,21808
2023-12-29 12:24:41,12,15,3056,21808
2023-12-29 12:25:05,12,14,3056,21808
2023-12-29 12:25:19,12,15,3056,21808
2023-12-29 12:26:09,12,14,3056,21808
2023-12-29 12:26:38,11,14,3056,21808
2023-12-29 12:27:49,12,14,3056,21808
2023-12-29 12:27:51,12,15,3056,21808
2023-12-29 12:28:42,12,14,3056,21808
2023-12-29 12:28:59,11,14,3056,21808
2023-12-29 12:29:23,12,14,3056,21808
2023-12-29 12:29:26,11,14,3056,21808
2023-12-29 12:29:56,12,14,3056,21808
2023-12-29 12:29:57,11,14,3056,21808
2023-12-29 12:31:00,12,14,3056,21808
2023-12-29 12:31:01,12,15,3056,21808
2023-12-29 12:31:20,13,15,3056,21808
2023-12-29 12:31:26,13,16,3056,21808
2023-12-29 12:31:30,14,16,3056,21808
2023-12-29 12:31:58,14,17,3056,21808
2023-12-29 12:32:10,14,16,3056,21808
2023-12-29 12:32:16,14,17,3056,21808
2023-12-29 12:32:19,14,16,3056,21808
2023-12-29 12:32:36,13,16,3056,21808
2023-12-29 12:32:36,13,15,3056,21808
2023-12-29 12:32:37,13,16,3056,21808
2023-12-29 12:32:38,13,15,3056,21808
2023-12-29 12:32:39,13,16,3056,21808
2023-12-29 12:32:45,13,15,3056,21808
2023-12-29 12:32:46,13,16,3056,21808
2023-12-29 12:32:54,13,15,3056,21808
2023-12-29 12:33:05,13,16,3056,21808
2023-12-29 12:33:11,14,16,3056,21808
2023-12-29 12:33:15,13,16,3056,21808
2023-12-29 12:33:37,14,16,3056,21808
2023-12-29 12:33:41,13,16,3056,21808
2023-12-29 12:33:42,14,16,3056,21808
2023-12-29 12:33:46,14,17,3056,21808
2023-12-29 12:33:51,14,16,3056,21808
2023-12-29 12:34:05,14,17,3056,21808
2023-12-29 12:34:11,14,16,3056,21808
2023-12-29 12:34:40,13,16,3056,21808
2023-12-29 12:35:24,13,15,3056,21808
2023-12-29 12:35:28,13,16,3056,21808
2023-12-29 12:35:29,13,15,3056,21808
2023-12-29 12:35:31,13,16,3056,21808
2023-12-29 12:35:33,13,15,3056,21808
2023-12-29 12:35:46,13,16,3056,21808
2023-12-29 12:35:53,13,15,3056,21808
2023-12-29 12:36:09,13,16,3056,21808
2023-12-29 12:37:07,14,16,3056,21808
2023-12-29 12:37:07,14,17,3056,21808
2023-12-29 12:37:09,14,16,3056,21808
2023-12-29 12:37:15,14,17,3056,21808
2023-12-29 12:38:28,15,17,3056,21808
2023-12-29 12:38:31,14,17,3056,21808
2023-12-29 12:38:32,15,17,3056,21808
2023-12-29 12:38:37,14,17,3056,21808
2023-12-29 12:38:38,15,17,3056,21808
2023-12-29 12:38:40,14,17,3056,21808
2023-12-29 12:38:52,15,17,3056,21808
2023-12-29 12:39:01,14,17,3056,21808
2023-12-29 12:39:07,15,17,3056,21808
2023-12-29 12:39:09,14,17,3056,21808
2023-12-29 12:39:12,15,17,3056,21808
2023-12-29 12:39:17,14,17,3056,21808
2023-12-29 12:39:19,15,17,3056,21808
2023-12-29 12:39:26,14,17,3056,21808
2023-12-29 12:39:26,15,17,3056,21808
2023-12-29 12:39:34,14,17,3056,21808
2023-12-29 12:40:09,15,17,3056,21808
2023-12-29 12:40:40,14,17,3056,21808
2023-12-29 12:40:44,15,17,3056,21808
2023-12-29 12:41:13,14,17,3056,21808
2023-12-29 12:41:26,15,17,3056,21808
2023-12-29 12:41:27,14,17,3056,21808
2023-12-29 12:41:28,15,17,3056,21808
2023-12-29 12:41:55,16,17,3056,21808
2023-12-29 12:42:00,16,18,3056,21808
2023-12-29 12:44:31,15,18,3056,21808
2023-12-29 12:45:28,16,18,3056,21808
2023-12-29 12:45:48,17,18,3056,21808
2023-12-29 12:45:52,17,19,3056,21808
2023-12-29 12:47:03,16,19,3256,22008
2023-12-29 12:47:04,16,18,3256,22008
2023-12-29 12:47:11,16,19,3256,22008
2023-12-29 12:47:18,17,19,3256,22008
2023-12-29 12:48:35,16,19,3256,22008
2023-12-29 12:48:48,17,19,3256,22008
2023-12-29 12:49:11,17,18,3256,22008
2023-12-29 12:49:11,16,18,3506,22258
2023-12-29 12:49:11,15,18,3506,22258
2023-12-29 12:49:12,15,17,3506,22258
2023-12-29 12:49:16,15,18,3506,22258
2023-12-29 12:49:23,15,16,3506,22258
2023-12-29 12:49:23,14,16,3506,22258
2023-12-29 12:50:01,14,15,3506,22258
2023-12-29 12:50:10,13,15,3506,22258
2023-12-29 12:50:14,14,15,3506,22258
2023-12-29 12:50:20,14,16,3506,22258
2023-12-29 12:50:24,15,16,3506,22258
2023-12-29 12:50:24,15,16,3506,22508
2023-12-29 12:50:26,15,18,3506,22708
2023-12-29 12:50:52,16,18,3506,22708
2023-12-29 12:51:11,16,19,3506,22708
2023-12-29 12:51:24,17,19,3506,22708
2023-12-29 12:55:28,18,19,3506,22708
2023-12-29 12:55:30,18,19,3756,22958
2023-12-29 12:55:40,18,19,3956,23158
2023-12-29 12:55:54,18,19,4156,23358
2023-12-29 12:55:56,18,19,4356,23558
2023-12-29 12:56:31,18,19,4556,23758
2023-12-29 12:57:21,18,19,4556,24058
2023-12-29 12:57:24,18,19,4556,24118
2023-12-29 12:57:57,18,21,4556,24118
2023-12-29 12:57:58,19,21,4556,24118
2023-12-29 12:58:00,20,21,4556,24118
2023-12-29 12:58:05,20,22,4556,24318
2023-12-29 12:59:04,21,22,4556,24318
2023-12-29 12:59:07,20,22,4556,24318
2023-12-29 12:59:08,21,22,4556,24318
2023-12-29 12:59:10,20,22,4556,24318
2023-12-29 12:59:14,21,22,4556,24318
2023-12-29 12:59:16,20,22,4556,24318
2023-12-29 12:59:26,21,22,4556,24318
2023-12-29 12:59:28,20,22,4556,24318
2023-12-29 12:59:29,21,22,4556,24318
2023-12-29 12:59:30,20,22,4556,24318
2023-12-29 12:59:36,21,22,4556,24318
2023-12-29 12:59:39,20,22,4556,24318
2023-12-29 12:59:39,21,22,4556,24318
2023-12-29 12:59:42,20,22,4556,24318
2023-12-29 12:59:44,21,22,4556,24318
2023-12-29 12:59:45,20,22,4556,24318
2023-12-29 12:59:46,21,22,4556,24318
2023-12-29 12:59:54,20,22,4556,24318
2023-12-29 12:59:58,21,22,4556,24318
2023-12-29 12:59:59,20,22,4556,24318
2023-12-29 13:00:10,21,22,4556,24318
2023-12-29 13:00:15,20,22,4556,24318
2023-12-29 13:00:21,19,22,4556,24318
2023-12-29 13:00:42,19,21,4556,24318
2023-12-29 13:00:46,18,21,4556,24318
2023-12-29 13:01:05,19,21,4556,24318
2023-12-29 13:01:06,18,21,4556,24318
2023-12-29 13:01:08,19,21,4556,24318
2023-12-29 13:01:11,18,21,4556,24318
2023-12-29 13:01:11,19,21,4556,24318
2023-12-29 13:01:23,18,21,4556,24318
2023-12-29 13:01:29,17,21,4556,24318
2023-12-29 13:01:29,18,21,4556,24318
2023-12-29 13:01:48,19,21,4556,24318
2023-12-29 13:01:51,18,21,4556,24318
2023-12-29 13:01:51,19,21,4556,24318
2023-12-29 13:02:13,19,22,4556,24318
2023-12-29 13:02:20,19,21,4556,24318
2023-12-29 13:02:22,19,22,4556,24318
2023-12-29 13:02:29,20,22,4556,24318
2023-12-29 13:02:55,21,22,4556,24318
2023-12-29 13:02:56,20,22,4556,24318
2023-12-29 13:02:56,21,22,4556,24318
2023-12-29 13:03:02,21,22,4756,24518
2023-12-29 13:03:05,21,22,4956,24718
2023-12-29 13:03:11,21,22,4956,24778
2023-12-29 13:03:12,21,22,4956,24838
2023-12-29 13:03:14,21,22,5156,25038
2023-12-29 13:03:14,21,22,5156,25051
2023-12-29 13:03:16,21,22,5194,25111
2023-12-29 13:03:17,21,22,5299,25216
2023-12-29 13:03:18,21,22,5324,25241
2023-12-29 13:03:19,21,22,5384,25301
2023-12-29 13:03:20,21,22,5584,25501
2023-12-29 13:03:21,21,22,5647,25564
2023-12-29 13:03:23,21,22,5770,25687
2023-12-29 13:03:23,21,22,5827,25744
2023-12-29 13:03:24,21,22,5844,25761
2023-12-29 13:03:26,21,22,5851,25768
2023-12-29 13:03:27,21,22,5911,25828
2023-12-29 13:03:29,21,22,5971,25888
2023-12-29 13:03:32,21,22,6204,26121
2023-12-29 13:03:36,21,25,6401,26318
2023-12-29 13:03:36,22,25,6401,26318
2023-12-29 13:03:45,21,25,6401,26318
2023-12-29 13:03:48,21,24,6401,26318
2023-12-29 13:03:49,21,25,6401,26318
2023-12-29 13:03:49,22,25,6401,26318
2023-12-29 13:03:55,22,24,6401,26318
2023-12-29 13:04:06,22,25,6401,26318
2023-12-29 13:04:07,22,24,6401,26318
2023-12-29 13:04:08,22,25,6401,26318
2023-12-29 13:04:09,22,24,6401,26318
2023-12-29 13:04:11,22,25,6401,26318
2023-12-29 13:04:13,22,24,6401,26318
2023-12-29 13:04:15,22,25,6401,26318
2023-12-29 13:04:16,22,24,6401,26318
2023-12-29 13:04:16,22,25,6201,26518
2023-12-29 13:04:17,23,25,6201,26518
2023-12-29 13:04:23,22,25,6201,26518
2023-12-29 13:04:23,24,25,6201,26518
2023-12-29 13:04:23,24,25,6201,26768
2023-12-29 13:04:24,24,25,6201,27018
2023-12-29 13:04:25,24,26,6201,27146
2023-12-29 13:04:32,24,27,6201,27346
2023-12-29 13:04:33,25,27,6201,27346
2023-12-29 13:05:13,26,27,6201,27346
2023-12-29 13:05:16,25,27,6201,27346
2023-12-29 13:05:16,26,27,6201,27346
2023-12-29 13:05:19,26,28,6201,27546
2023-12-29 13:05:55,27,28,6201,27546
2023-12-29 13:05:58,26,28,6201,27546
2023-12-29 13:06:00,27,28,6201,27546
2023-12-29 13:06:01,26,28,6201,27546
2023-12-29 13:06:07,27,28,6201,27546
2023-12-29 13:06:09,26,28,6201,27546
2023-12-29 13:06:15,27,28,6201,27546
2023-12-29 13:06:21,26,28,6201,27546
2023-12-29 13:06:21,27,28,6201,27546
2023-12-29 13:06:24,26,28,6201,27546
2023-12-29 13:06:24,27,28,6201,27546
2023-12-29 13:06:30,26,28,6201,27546
2023-12-29 13:06:30,27,28,6201,27546
2023-12-29 13:06:42,26,28,6201,27546
2023-12-29 13:06:43,27,28,6201,27546
2023-12-29 13:06:59,26,28,6201,27546
2023-12-29 13:06:59,27,28,6201,27546
2023-12-29 13:07:02,26,28,6201,27546
2023-12-29 13:07:02,27,28,6201,27546
2023-12-29 13:07:18,27,28,6451,27796
2023-12-29 13:07:19,27,28,6701,28046
2023-12-29 13:07:26,26,28,6701,28046
2023-12-29 13:07:26,27,28,6701,28046
2023-12-29 13:07:40,27,28,6951,28296
2023-12-29 13:07:41,26,28,6951,28296
2023-12-29 13:07:41,27,28,6951,28296
2023-12-29 13:07:45,27,28,7201,28546
2023-12-29 13:07:56,27,28,7451,28796
2023-12-29 13:07:59,27,30,7501,28846
2023-12-29 13:07:59,28,30,7501,28846
2023-12-29 13:08:06,27,30,7501,28846
2023-12-29 13:08:07,28,30,7501,28846
2023-12-29 13:08:08,29,30,7501,28846
2023-12-29 13:08:12,29,31,7501,28846
2023-12-29 13:08:21,28,31,7501,28846
2023-12-29 13:08:26,29,31,7501,28846
2023-12-29 13:08:30,29,31,7501,28851
2023-12-29 13:08:55,29,30,7501,28851
2023-12-29 13:08:56,29,31,7501,28851
2023-12-29 13:08:56,29,30,7501,28851
2023-12-29 13:09:05,28,30,7501,28851
2023-12-29 13:09:05,28,31,7501,28851
2023-12-29 13:09:05,29,31,7501,28851
2023-12-29 13:09:05,29,30,7501,28851
2023-12-29 13:09:10,29,31,7501,28851
2023-12-29 13:09:11,29,30,7501,28851
2023-12-29 13:09:16,28,30,7501,28851
2023-12-29 13:09:20,27,30,7501,28851
2023-12-29 13:09:54,27,29,7501,28851
2023-12-29 13:10:01,27,30,7501,28851
2023-12-29 13:10:01,27,29,7501,28851
2023-12-29 13:10:02,28,29,7501,28851
2023-12-29 13:10:16,28,30,7501,28851
2023-12-29 13:10:17,28,29,7501,28851
2023-12-29 13:10:45,27,29,7501,28851
2023-12-29 13:10:45,27,30,7501,28851
2023-12-29 13:10:45,27,29,7501,28851
2023-12-29 13:10:45,28,29,7501,28851
2023-12-29 13:10:52,28,30,7501,28851
2023-12-29 13:10:53,28,29,7501,28851
2023-12-29 13:11:11,27,29,7501,28851
2023-12-29 13:11:11,28,30,7501,28851
2023-12-29 13:11:19,27,29,7387,28965
2023-12-29 13:11:19,28,29,7387,28965
2023-12-29 13:11:21,27,29,7387,28965
2023-12-29 13:11:22,28,30,7387,28965
2023-12-29 13:11:26,27,29,7387,28965
2023-12-29 13:11:26,27,29,7387,28965
2023-12-29 13:11:31,27,30,7387,28965
2023-12-29 13:11:31,27,29,7387,28965
2023-12-29 13:11:34,27,30,7387,28965
2023-12-29 13:11:34,27,29,7387,28965
2023-12-29 13:11:35,28,29,7387,28965
2023-12-29 13:11:36,27,29,7387,28965
2023-12-29 13:11:36,27,30,7387,28965
2023-12-29 13:11:36,28,30,7387,28965
2023-12-29 13:11:41,28,30,7387,28965
2023-12-29 13:11:41,28,30,7387,28965
2023-12-29 13:11:41,28,29,7387,28965
2023-12-29 13:11:45,27,29,7387,28965
2023-12-29 13:11:46,28,29,7387,28965
2023-12-29 13:11:48,27,29,7210,29142
2023-12-29 13:11:49,27,28,7210,29142
2023-12-29 13:11:51,27,29,7210,29142
2023-12-29 13:11:54,27,28,7210,29142
2023-12-29 13:12:00,27,29,7210,29142
2023-12-29 13:12:00,27,28,7210,29142
2023-12-29 13:12:01,26,28,7210,29142
2023-12-29 13:12:02,27,28,7210,29142
2023-12-29 13:12:17,27,30,7210,29142
2023-12-29 13:12:17,26,30,7210,29142
2023-12-29 13:12:17,26,28,7210,29142
2023-12-29 13:12:17,27,28,7210,29142
2023-12-29 13:12:17,27,30,7210,29142
2023-12-29 13:12:17,27,28,7210,29142
2023-12-29 13:12:20,27,30,7210,29142
2023-12-29 13:12:20,27,29,7210,29142
2023-12-29 13:12:23,28,29,7210,29142
2023-12-29 13:12:31,28,31,7210,29142
2023-12-29 13:12:31,28,30,7210,29142
2023-12-29 13:12:37,28,31,7210,29142
2023-12-29 13:12:50,27,31,7210,29142
2023-12-29 13:12:50,27,30,7210,29142
2023-12-29 13:12:56,27,31,7210,29142
2023-12-29 13:12:56,27,30,7210,29142
2023-12-29 13:13:04,28,30,7210,29142
2023-12-29 13:13:07,28,31,7210,29142
2023-12-29 13:13:10,28,30,7210,29142
2023-12-29 13:13:10,29,30,7210,29142
2023-12-29 13:13:26,29,31,7210,29142
2023-12-29 13:13:31,28,31,7210,29142
2023-12-29 13:13:31,29,31,7210,29142
2023-12-29 13:13:52,30,31,7210,29142
2023-12-29 13:13:54,29,31,7210,29142
2023-12-29 13:14:01,30,31,7210,29142
2023-12-29 13:14:02,29,31,7210,29142
2023-12-29 13:14:04,30,31,7210,29142
2023-12-29 13:14:08,30,32,7210,29142
2023-12-29 13:14:16,31,32,7210,29142
2023-12-29 13:14:18,31,33,7210,29142
2023-12-29 13:14:20,30,33,7210,29142
2023-12-29 13:14:21,31,33,7210,29142
2023-12-29 13:14:22,30,33,7210,29142
2023-12-29 13:14:24,31,33,7210,29142
2023-12-29 13:14:39,31,32,7210,29142
2023-12-29 13:14:39,30,32,7210,29142
2023-12-29 13:14:51,29,32,7210,29342
2023-12-29 13:14:51,29,31,7210,29342
2023-12-29 13:14:52,30,31,7210,29342
2023-12-29 13:14:54,29,30,7013,29539
2023-12-29 13:14:54,28,30,7013,29539
2023-12-29 13:14:56,27,30,7013,29539
2023-12-29 13:15:08,26,27,7013,29789
2023-12-29 13:15:08,24,27,7013,29789
2023-12-29 13:15:10,24,26,7013,29789
2023-12-29 13:15:25,24,27,7013,29789
2023-12-29 13:15:25,24,25,7013,29789
2023-12-29 13:15:27,24,27,7013,29789
2023-12-29 13:15:27,24,26,7013,29789
2023-12-29 13:15:30,24,27,7013,29789
2023-12-29 13:15:30,24,26,7013,29789
2023-12-29 13:15:30,24,25,7013,29789
2023-12-29 13:15:33,24,26,7013,29789
2023-12-29 13:15:33,24,27,7013,29789
2023-12-29 13:15:33,24,26,7013,29789
2023-12-29 13:15:54,25,26,7013,29789
2023-12-29 13:15:59,25,27,7013,29789
2023-12-29 13:16:02,25,28,7013,29789
2023-12-29 13:16:02,25,29,7013,29789
2023-12-29 13:16:02,25,28,7013,29789
2023-12-29 13:16:07,25,29,7013,29789
2023-12-29 13:16:07,25,28,7013,29789
2023-12-29 13:16:07,25,27,7013,29789
2023-12-29 13:16:19,25,26,7013,29789
2023-12-29 13:16:22,24,26,7013,29789
2023-12-29 13:16:36,24,25,7013,29789
2023-12-29 13:16:42,24,26,7013,29789
2023-12-29 13:16:42,24,27,7013,29789
2023-12-29 13:16:42,24,26,7013,29789
2023-12-29 13:16:52,24,25,7013,29789
2023-12-29 13:16:53,23,24,7013,29989
2023-12-29 13:16:59,22,24,7013,30189
2023-12-29 13:17:02,22,25,7013,30189
2023-12-29 13:17:03,23,25,7013,30189
2023-12-29 13:17:08,22,25,7013,30189
2023-12-29 13:17:08,23,25,7013,30189
2023-12-29 13:17:28,24,25,7013,30189
2023-12-29 13:17:31,24,26,7013,30189
2023-12-29 13:17:36,23,26,7013,30189
2023-12-29 13:17:37,24,26,7013,30189
2023-12-29 13:17:41,24,25,7013,30189
2023-12-29 13:17:41,23,25,7013,30189
2023-12-29 13:17:56,22,25,7013,30189
2023-12-29 13:17:56,23,25,7013,30189
2023-12-29 13:18:06,22,25,7013,30189
2023-12-29 13:18:06,23,25,7013,30189
2023-12-29 13:18:07,22,25,7013,30189
2023-12-29 13:18:07,23,25,7013,30189
2023-12-29 13:18:08,23,24,7013,30189
2023-12-29 13:18:08,22,24,7013,30189
2023-12-29 13:18:14,23,24,7013,30189
2023-12-29 13:18:15,23,25,7013,30189
2023-12-29 13:18:22,22,25,7013,30189
2023-12-29 13:18:23,22,24,7013,30189
2023-12-29 13:18:24,22,25,7013,30189
2023-12-29 13:18:24,23,25,7013,30189
2023-12-29 13:18:42,24,25,7013,30189
2023-12-29 13:18:45,23,25,7013,30189
2023-12-29 13:18:51,24,25,7013,30189
2023-12-29 13:18:52,23,25,7013,30189
2023-12-29 13:18:53,23,24,7013,30189
2023-12-29 13:19:01,22,24,7013,30189
2023-12-29 13:19:01,23,24,7013,30189
2023-12-29 13:19:02,22,24,7013,30189
2023-12-29 13:19:11,21,24,7013,30189
2023-12-29 13:19:11,22,24,7013,30189
2023-12-29 13:19:38,22,23,7013,30189
2023-12-29 13:19:39,21,23,7013,30189
2023-12-29 13:19:42,22,23,7013,30189
2023-12-29 13:19:45,22,24,7013,30439
2023-12-29 13:19:47,22,23,7013,30439
2023-12-29 13:19:56,21,23,7013,30439
2023-12-29 13:19:56,21,23,7013,30439
2023-12-29 13:19:56,22,23,7013,30439
2023-12-29 13:20:00,22,24,7013,30439
2023-12-29 13:20:02,22,23,7013,30439
2023-12-29 13:20:07,21,23,7013,30439
2023-12-29 13:20:12,21,22,7013,30439
2023-12-29 13:20:13,20,22,7013,30439
2023-12-29 13:20:45,20,23,7013,30439
2023-12-29 13:20:52,21,23,7013,30439
2023-12-29 13:21:04,21,24,7013,30439
2023-12-29 13:21:08,21,25,7013,30439
2023-12-29 13:21:11,22,25,7013,30439
2023-12-29 13:21:14,22,26,7013,30439
2023-12-29 13:21:18,22,25,7013,30439
2023-12-29 13:21:19,22,26,7013,30439
2023-12-29 13:21:21,22,25,7013,30439
2023-12-29 13:21:37,22,24,7013,30439
2023-12-29 13:21:42,22,25,7013,30439
2023-12-29 13:21:44,22,24,7013,30439
2023-12-29 13:21:56,22,23,7013,30439
2023-12-29 13:21:58,22,24,7013,30439
2023-12-29 13:21:59,22,23,7013,30439
2023-12-29 13:22:00,21,23,7013,30439
2023-12-29 13:22:04,21,24,7013,30439
2023-12-29 13:22:05,21,23,7013,30439
2023-12-29 13:22:14,20,23,7013,30439
2023-12-29 13:22:15,21,23,7013,30439
2023-12-29 13:22:17,20,23,7013,30439
2023-12-29 13:22:17,21,23,7013,30439
2023-12-29 13:22:21,20,23,7013,30439
2023-12-29 13:22:21,21,23,7013,30439
2023-12-29 13:22:22,20,23,7013,30439
2023-12-29 13:22:23,20,22,7013,30439
2023-12-29 13:22:32,20,23,7013,30439
2023-12-29 13:22:36,20,22,7013,30439
2023-12-29 13:22:37,20,23,7013,30439
2023-12-29 13:22:41,20,22,7013,30439
2023-12-29 13:22:54,20,21,7013,30439
2023-12-29 13:22:57,20,22,7013,30439
2023-12-29 13:22:58,20,21,7013,30439
2023-12-29 13:23:05,20,22,7013,30439
2023-12-29 13:23:05,20,21,7013,30439
2023-12-29 13:23:08,20,22,7013,30439
2023-12-29 13:23:08,20,21,7013,30439
2023-12-29 13:23:10,20,22,7013,30439
2023-12-29 13:23:11,20,21,7013,30439
2023-12-29 13:23:18,19,21,7013,30439
2023-12-29 13:23:26,19,20,7013,30439
2023-12-29 13:23:27,19,21,7013,30439
2023-12-29 13:23:35,19,20,7013,30439
2023-12-29 13:23:38,19,21,7013,30439
2023-12-29 13:23:41,20,21,7013,30439
2023-12-29 13:23:46,20,22,7013,30439
2023-12-29 13:23:46,19,22,7013,30439
2023-12-29 13:23:46,20,22,7013,30439
2023-12-29 13:23:58,19,21,7013,30439
2023-12-29 13:24:01,19,22,7013,30439
2023-12-29 13:24:01,19,21,7013,30439
2023-12-29 13:24:07,20,21,7013,30439
2023-12-29 13:24:09,19,21,7013,30439
2023-12-29 13:24:09,19,21,7013,30439
2023-12-29 13:24:10,19,22,7013,30439
2023-12-29 13:24:10,20,22,7013,30439
2023-12-29 13:24:10,20,21,7013,30439
2023-12-29 13:24:12,20,22,7013,30439
2023-12-29 13:24:15,20,21,7013,30439
2023-12-29 13:24:17,20,22,7013,30439
2023-12-29 13:24:29,21,22,7013,30439
2023-12-29 13:24:30,21,24,7013,30439
2023-12-29 13:24:30,21,23,7013,30439
2023-12-29 13:24:37,20,23,7013,30439
2023-12-29 13:24:51,21,23,7013,30439
2023-12-29 13:25:00,21,22,7013,30439
2023-12-29 13:25:04,21,24,7013,30439
2023-12-29 13:25:04,21,23,7013,30439
2023-12-29 13:25:06,21,24,7013,30439
2023-12-29 13:25:06,21,22,7013,30439
2023-12-29 13:25:07,21,24,7013,30439
2023-12-29 13:25:07,21,23,7013,30439
2023-12-29 13:25:09,21,22,7013,30439
2023-12-29 13:25:21,21,24,7160,30586
2023-12-29 13:25:21,21,23,7160,30586
2023-12-29 13:25:24,21,22,7160,30586
2023-12-29 13:25:31,20,22,7160,30586
2023-12-29 13:25:31,21,23,7160,30586
2023-12-29 13:25:31,21,22,7160,30586
2023-12-29 13:25:33,20,22,7160,30586
2023-12-29 13:25:33,20,23,7160,30586
2023-12-29 13:25:33,21,23,7160,30586
2023-12-29 13:25:35,21,23,7160,30586
2023-12-29 13:25:35,20,23,7160,30586
2023-12-29 13:25:35,20,22,7160,30586
2023-12-29 13:25:35,21,22,7160,30586
2023-12-29 13:25:40,20,22,7160,30586
2023-12-29 13:25:44,20,21,7160,30586
2023-12-29 13:25:52,20,22,7160,30586
2023-12-29 13:25:52,19,22,7160,30586
2023-12-29 13:25:52,20,22,7160,30586
2023-12-29 13:25:52,20,21,7160,30586
2023-12-29 13:25:55,19,21,7160,30586
2023-12-29 13:25:57,20,21,7160,30586
2023-12-29 13:25:57,20,22,7160,30586
2023-12-29 13:26:00,20,21,7160,30586
2023-12-29 13:26:00,19,21,7160,30586
2023-12-29 13:26:03,20,21,7160,30586
2023-12-29 13:26:06,19,21,7160,30586
2023-12-29 13:26:06,20,22,7160,30586
2023-12-29 13:26:06,20,21,7160,30586
2023-12-29 13:26:07,19,21,7160,30586
2023-12-29 13:26:09,20,21,7160,30586
2023-12-29 13:26:15,19,21,7160,30586
2023-12-29 13:26:15,19,22,7160,30586
2023-12-29 13:26:15,19,21,7160,30586
2023-12-29 13:26:20,20,22,7160,30586
2023-12-29 13:26:20,19,22,7160,30586
2023-12-29 13:26:20,20,22,7160,30586
2023-12-29 13:26:20,20,21,7160,30586
2023-12-29 13:26:30,20,23,7160,30586
2023-12-29 13:26:30,20,22,7160,30586
2023-12-29 13:26:33,21,23,7160,30586
2023-12-29 13:26:34,21,22,7160,30586
2023-12-29 13:26:39,21,23,7356,30782
2023-12-29 13:26:49,21,24,7356,30782
2023-12-29 13:26:50,21,23,7356,30782
2023-12-29 13:26:53,21,24,7356,30782
2023-12-29 13:26:56,22,24,7356,30782
2023-12-29 13:26:57,22,25,7356,30782
2023-12-29 13:26:57,22,24,7356,30782
2023-12-29 13:26:59,22,25,7356,30782
2023-12-29 13:27:01,22,24,7356,30782
2023-12-29 13:27:02,21,24,7356,30782
2023-12-29 13:27:18,21,23,7356,30782
2023-12-29 13:27:21,21,24,7356,30782
2023-12-29 13:27:21,21,23,7356,30782
2023-12-29 13:27:31,21,24,7356,30782
2023-12-29 13:27:31,21,23,7356,30782
2023-12-29 13:27:47,21,22,7356,30782
2023-12-29 13:27:56,20,22,7356,30782
2023-12-29 13:28:17,20,23,7356,30782
2023-12-29 13:28:18,20,22,7356,30782
2023-12-29 13:28:22,21,22,7356,30782
2023-12-29 13:28:23,20,22,7356,30782
2023-12-29 13:28:23,21,22,7356,30782
2023-12-29 13:28:27,21,23,7356,30782
2023-12-29 13:28:41,21,24,7356,30782
2023-12-29 13:28:41,21,23,7356,30782
2023-12-29 13:28:47,21,24,7356,30782
2023-12-29 13:28:47,21,23,7356,30782
2023-12-29 13:28:48,21,24,7356,30782
2023-12-29 13:28:48,21,23,7356,30782
2023-12-29 13:28:53,21,24,7356,30782
2023-12-29 13:28:54,21,23,7356,30782
2023-12-29 13:28:56,21,24,7356,30782
2023-12-29 13:28:58,22,24,7356,30782
2023-12-29 13:28:58,22,23,7356,30782
2023-12-29 13:29:00,21,23,7356,30782
2023-12-29 13:29:10,21,22,7356,30782
2023-12-29 13:29:18,20,22,7356,30782
2023-12-29 13:29:21,21,22,7356,30782
2023-12-29 13:29:28,20,22,7356,30782
2023-12-29 13:29:40,20,23,7356,30782
2023-12-29 13:29:40,20,22,7356,30782
2023-12-29 13:29:59,20,23,7356,30782
2023-12-29 13:29:59,20,22,7356,30782
2023-12-29 13:30:01,21,22,7356,30782
2023-12-29 13:30:02,20,22,7356,30782
2023-12-29 13:30:10,20,23,7356,30782
2023-12-29 13:30:11,20,22,7356,30782
2023-12-29 13:30:16,20,23,7356,30782
2023-12-29 13:30:16,20,22,7356,30782
2023-12-29 13:30:19,21,22,7356,30782
2023-12-29 13:30:25,21,23,7356,30782
2023-12-29 13:30:27,21,22,7356,30782
2023-12-29 13:30:28,21,23,7356,30782
2023-12-29 13:30:55,21,24,7356,30782
2023-12-29 13:30:56,21,23,7356,30782
2023-12-29 13:31:00,21,24,7356,30782
2023-12-29 13:31:00,21,23,7356,30782
2023-12-29 13:31:04,21,24,7356,30782
2023-12-29 13:31:05,21,23,7356,30782
2023-12-29 13:31:13,22,23,7356,30782
2023-12-29 13:31:24,22,24,7458,30884
2023-12-29 13:31:24,22,23,7458,30884
2023-12-29 13:31:27,22,25,7458,30884
2023-12-29 13:31:27,22,24,7458,30884
2023-12-29 13:31:39,22,25,7458,30884
2023-12-29 13:31:40,22,24,7458,30884
2023-12-29 13:31:56,22,26,7458,30884
2023-12-29 13:31:56,22,25,7458,30884
2023-12-29 13:31:58,23,25,7458,30884
2023-12-29 13:32:00,22,25,7458,30884
2023-12-29 13:32:00,23,25,7458,30884
2023-12-29 13:32:01,22,25,7458,30884
2023-12-29 13:32:01,22,24,7458,30884
2023-12-29 13:32:09,23,24,7458,30884
2023-12-29 13:32:10,23,26,7458,30884
2023-12-29 13:32:10,23,25,7458,30884
2023-12-29 13:32:25,23,26,7458,30884
2023-12-29 13:32:26,23,25,7458,30884
2023-12-29 13:32:31,23,26,7458,30884
2023-12-29 13:32:31,23,25,7458,30884
2023-12-29 13:32:38,24,25,7458,30884
2023-12-29 13:32:38,24,26,7458,30884
2023-12-29 13:32:48,24,27,7458,30884
2023-12-29 13:33:01,24,26,7458,30884
2023-12-29 13:33:17,23,26,7458,30884
2023-12-29 13:33:17,23,25,7458,30884
2023-12-29 13:33:25,22,25,7458,30884
2023-12-29 13:33:45,22,24,7458,30884
2023-12-29 13:33:45,21,24,7458,30884
2023-12-29 13:34:04,21,23,7458,30884
2023-12-29 13:34:12,22,23,7458,30884
2023-12-29 13:34:14,22,25,7458,30884
2023-12-29 13:34:14,22,24,7458,30884
2023-12-29 13:34:29,22,25,7458,30884
2023-12-29 13:34:29,22,24,7458,30884
2023-12-29 13:34:41,22,25,7458,30884
2023-12-29 13:34:41,22,24,7458,30884
2023-12-29 13:34:46,22,25,7458,30884
2023-12-29 13:34:46,22,24,7458,30884
2023-12-29 13:34:49,23,24,7458,30884
2023-12-29 13:34:55,22,24,7458,30884
2023-12-29 13:34:55,22,24,7458,30884
2023-12-29 13:35:01,23,24,7458,30884
2023-12-29 13:35:02,22,24,7458,30884
2023-12-29 13:35:03,23,24,7458,30884
2023-12-29 13:35:06,22,24,7458,30884
2023-12-29 13:35:06,22,25,7458,30884
2023-12-29 13:35:06,22,24,7458,30884
2023-12-29 13:35:06,23,24,7458,30884
2023-12-29 13:35:09,23,26,7458,30884
2023-12-29 13:35:09,23,25,7458,30884
2023-12-29 13:35:22,23,26,7458,30884
2023-12-29 13:35:23,23,25,7458,30884
2023-12-29 13:35:29,23,26,7458,30884
2023-12-29 13:35:30,23,25,7458,30884
2023-12-29 13:35:31,24,25,7458,30884
2023-12-29 13:35:31,24,26,7458,30884
2023-12-29 13:35:34,23,26,7458,30884
2023-12-29 13:35:35,24,26,7458,30884
2023-12-29 13:35:37,24,27,7458,30884
2023-12-29 13:35:58,24,26,7458,30884
2023-12-29 13:36:01,25,26,7458,30884
2023-12-29 13:36:06,25,27,7458,30884
2023-12-29 13:36:25,26,27,7458,30884
2023-12-29 13:36:26,25,27,7458,30884
2023-12-29 13:36:30,25,28,7458,30884
2023-12-29 13:36:31,25,27,7458,30884
2023-12-29 13:36:33,26,27,7458,30884
2023-12-29 13:36:36,26,28,7458,30884
2023-12-29 13:36:36,25,28,7458,30884
2023-12-29 13:36:36,25,27,7458,30884
2023-12-29 13:36:38,26,27,7458,30884
2023-12-29 13:36:46,25,27,7458,30884
2023-12-29 13:36:49,26,27,7458,30884
2023-12-29 13:36:59,25,27,7458,30884
2023-12-29 13:37:00,25,27,7458,30884
2023-12-29 13:37:01,26,27,7458,30884
2023-12-29 13:37:10,25,27,7458,30884
2023-12-29 13:37:10,25,28,7458,30884
2023-12-29 13:37:10,25,27,7458,30884
2023-12-29 13:37:10,26,27,7458,30884
2023-12-29 13:37:16,25,27,7458,30884
2023-12-29 13:37:16,25,28,7458,30884
2023-12-29 13:37:16,25,27,7458,30884
2023-12-29 13:37:16,26,27,7458,30884
2023-12-29 13:37:18,25,27,7458,30884
2023-12-29 13:37:21,25,26,7458,30884
2023-12-29 13:37:28,25,27,7458,30884
2023-12-29 13:37:28,25,26,7458,30884
2023-12-29 13:37:56,25,27,7458,30884
2023-12-29 13:37:56,25,26,7458,30884
2023-12-29 13:38:00,24,26,7458,30884
2023-12-29 13:38:06,25,26,7458,30884
2023-12-29 13:38:07,24,26,7458,30884
2023-12-29 13:38:08,25,26,7458,30884
2023-12-29 13:38:12,25,27,7458,30884
2023-12-29 13:38:20,26,27,7458,30884
2023-12-29 13:38:20,26,28,7458,30884
2023-12-29 13:38:22,25,28,7458,30884
2023-12-29 13:38:34,26,28,7458,30884
2023-12-29 13:38:37,25,28,7458,30884
2023-12-29 13:38:37,26,28,7458,30884
2023-12-29 13:38:39,25,28,7458,30884
2023-12-29 13:38:40,26,28,7458,30884
2023-12-29 13:38:46,25,28,7458,30884
2023-12-29 13:38:47,26,28,7458,30884
2023-12-29 13:39:05,27,28,7458,30884
2023-12-29 13:39:08,27,29,7458,30884
2023-12-29 13:39:09,27,28,7458,30884
2023-12-29 13:39:10,27,29,7458,30884
2023-12-29 13:39:27,27,30,7458,31084
2023-12-29 13:39:28,28,30,7458,31084
2023-12-29 13:39:31,27,30,7458,31084
2023-12-29 13:39:32,28,30,7458,31084
2023-12-29 13:39:59,28,31,7458,31084
2023-12-29 13:39:59,28,30,7458,31084
2023-12-29 13:40:10,27,30,7458,31084
2023-12-29 13:40:10,27,29,7458,31084
2023-12-29 13:40:15,26,29,7458,31084
2023-12-29 13:40:25,26,30,7458,31084
2023-12-29 13:40:25,26,28,7458,31084
2023-12-29 13:40:30,27,28,7458,31084
2023-12-29 13:40:30,27,30,7458,31084
2023-12-29 13:40:30,27,29,7458,31084
2023-12-29 13:40:54,28,29,7458,31084
2023-12-29 13:40:55,27,29,7458,31084
2023-12-29 13:40:55,28,29,7458,31084
2023-12-29 13:40:59,27,29,7458,31084
2023-12-29 13:40:59,28,31,7458,31084
2023-12-29 13:40:59,28,30,7458,31084
2023-12-29 13:41:15,27,30,7458,31084
2023-12-29 13:41:15,28,30,7458,31084
2023-12-29 13:41:26,27,30,7458,31084
2023-12-29 13:41:26,27,31,7458,31084
2023-12-29 13:41:26,27,29,7458,31084
2023-12-29 13:41:26,28,29,7458,31084
2023-12-29 13:41:26,28,31,7458,31084
2023-12-29 13:41:26,28,29,7458,31084
2023-12-29 13:41:31,28,31,7458,31084
2023-12-29 13:41:31,27,29,7458,31084
2023-12-29 13:41:41,27,29,7458,31084
2023-12-29 13:41:41,27,31,7458,31084
2023-12-29 13:41:41,27,29,7458,31084
2023-12-29 13:41:41,28,29,7458,31084
2023-12-29 13:41:41,28,31,7458,31084
2023-12-29 13:41:41,28,29,7458,31084
2023-12-29 13:41:46,27,29,7458,31084
2023-12-29 13:41:47,28,31,7458,31084
2023-12-29 13:41:47,28,30,7458,31084
2023-12-29 13:41:56,27,30,7458,31084
2023-12-29 13:42:00,28,30,7458,31084
2023-12-29 13:42:10,28,31,7458,31084
2023-12-29 13:42:11,28,31,7458,31084
2023-12-29 13:42:11,28,30,7458,31084
2023-12-29 13:42:26,27,30,7458,31084
2023-12-29 13:42:26,27,31,7458,31084
2023-12-29 13:42:26,28,31,7458,31084
2023-12-29 13:42:26,28,29,7458,31084
2023-12-29 13:42:26,28,31,7458,31084
2023-12-29 13:42:26,28,29,7458,31084
2023-12-29 13:42:27,28,31,7458,31084
2023-12-29 13:42:27,28,30,7458,31084
2023-12-29 13:42:34,29,30,7458,31084
2023-12-29 13:42:36,29,31,7458,31084
2023-12-29 13:42:36,28,30,7458,31084
2023-12-29 13:42:39,29,30,7458,31084
2023-12-29 13:42:40,29,31,7458,31084
2023-12-29 13:42:43,29,32,7458,31084
2023-12-29 13:42:46,29,31,7458,31084
2023-12-29 13:42:52,29,32,7458,31084
2023-12-29 13:42:56,29,31,7458,31084
2023-12-29 13:42:59,29,32,7458,31084
2023-12-29 13:43:06,29,31,7458,31084
2023-12-29 13:43:09,29,32,7458,31084
2023-12-29 13:43:12,29,31,7458,31084
2023-12-29 13:43:13,29,32,7458,31084
2023-12-29 13:43:14,29,31,7458,31084
2023-12-29 13:43:15,29,32,7458,31084
2023-12-29 13:43:17,30,32,7458,31084
2023-12-29 13:43:21,30,33,7458,31084
2023-12-29 13:43:24,31,33,7458,31084
2023-12-29 13:43:28,31,34,7458,31084
2023-12-29 13:43:46,32,34,7458,31084
2023-12-29 13:44:02,31,34,7458,31084
2023-12-29 13:44:05,31,33,7458,31084
2023-12-29 13:44:06,31,34,7458,31084
2023-12-29 13:44:06,31,33,7458,31084
2023-12-29 13:44:11,30,33,7458,31084
2023-12-29 13:44:11,30,32,7458,31084
2023-12-29 13:44:19,30,33,7458,31084
2023-12-29 13:44:19,30,32,7458,31084
2023-12-29 13:44:25,30,34,7458,31084
2023-12-29 13:44:25,30,33,7458,31084
2023-12-29 13:44:30,30,34,7458,31084
2023-12-29 13:44:31,30,33,7458,31084
2023-12-29 13:44:35,30,34,7458,31084
2023-12-29 13:44:36,30,33,7458,31084
2023-12-29 13:44:51,30,34,7458,31084
2023-12-29 13:44:52,30,33,7458,31084
2023-12-29 13:44:57,30,32,7458,31084
2023-12-29 13:44:59,30,33,7458,31084
2023-12-29 13:45:00,30,32,7458,31084
2023-12-29 13:45:02,30,33,7458,31084
2023-12-29 13:45:02,30,31,7458,31084
2023-12-29 13:45:02,30,33,7458,31084
2023-12-29 13:45:02,30,31,7458,31084
2023-12-29 13:45:03,30,33,7458,31084
2023-12-29 13:45:03,30,32,7458,31084
2023-12-29 13:45:08,29,32,7458,31084
2023-12-29 13:45:16,29,32,7503,31129
2023-12-29 13:45:21,30,32,7503,31129
2023-12-29 13:45:22,29,32,7503,31129
2023-12-29 13:45:23,29,31,7503,31129
2023-12-29 13:45:25,29,32,7503,31129
2023-12-29 13:45:25,29,31,7503,31129
2023-12-29 13:45:45,28,31,7503,31129
2023-12-29 13:45:45,28,30,7503,31129
2023-12-29 13:45:56,28,31,7503,31129
2023-12-29 13:45:56,28,30,7503,31129
2023-12-29 13:46:00,28,31,7503,31129
2023-12-29 13:46:01,28,30,7503,31129
2023-12-29 13:46:17,29,30,7503,31129
2023-12-29 13:46:30,29,32,7503,31129
2023-12-29 13:46:30,29,31,7503,31129
2023-12-29 13:46:31,29,32,7503,31129
2023-12-29 13:46:31,29,31,7503,31129
2023-12-29 13:46:38,29,32,7503,31129
2023-12-29 13:46:40,29,31,7503,31129
2023-12-29 13:46:44,29,32,7662,31288
2023-12-29 13:46:44,29,31,7662,31288
2023-12-29 13:46:45,29,32,7662,31288
2023-12-29 13:46:45,29,31,7662,31288
2023-12-29 13:46:45,29,32,7800,31426
2023-12-29 13:46:45,29,31,7800,31426
2023-12-29 13:46:52,29,32,7800,31426
2023-12-29 13:46:52,29,31,7800,31426
2023-12-29 13:46:54,29,33,7800,31426
2023-12-29 13:46:54,29,32,7800,31426
2023-12-29 13:46:56,30,32,7800,31426
2023-12-29 13:46:57,29,32,7800,31426
2023-12-29 13:46:57,30,32,7800,31426
2023-12-29 13:47:00,29,32,7800,31426
2023-12-29 13:47:03,30,32,7800,31426
2023-12-29 13:47:04,29,32,7800,31426
2023-12-29 13:47:06,30,32,7800,31426
2023-12-29 13:47:16,30,33,7800,31426
2023-12-29 13:47:16,30,32,7800,31426
2023-12-29 13:47:17,30,34,7800,31426
2023-12-29 13:47:17,30,33,7800,31426
2023-12-29 13:47:19,31,33,7800,31426
2023-12-29 13:47:42,31,34,7800,31426
2023-12-29 13:47:43,31,33,7800,31426
2023-12-29 13:47:44,31,34,7800,31426
2023-12-29 13:47:47,31,33,7800,31426
2023-12-29 13:47:48,31,34,7800,31426
2023-12-29 13:47:49,31,33,7800,31426
2023-12-29 13:47:50,31,34,7800,31426
2023-12-29 13:47:58,32,34,7800,31426
2023-12-29 13:48:01,31,34,7800,31426
2023-12-29 13:48:01,32,34,7800,31426
2023-12-29 13:48:06,31,34,7800,31426
2023-12-29 13:48:06,32,34,7800,31426
2023-12-29 13:48:09,31,34,7800,31426
2023-12-29 13:48:09,32,34,7800,31426
2023-12-29 13:48:35,32,33,7800,31426
2023-12-29 13:48:46,32,34,7800,31426
2023-12-29 13:48:46,32,33,7800,31426
2023-12-29 13:48:57,32,34,7800,31426
2023-12-29 13:48:59,33,34,7800,31426
2023-12-29 13:49:00,32,34,7800,31426
2023-12-29 13:49:01,33,34,7800,31426
2023-12-29 13:49:04,33,36,7800,31426
2023-12-29 13:49:04,33,35,7800,31426
2023-12-29 13:49:05,33,36,7800,31426
2023-12-29 13:49:20,34,36,7800,31426
2023-12-29 13:49:21,34,37,7800,31426
2023-12-29 13:49:47,34,36,7800,31426
2023-12-29 13:49:50,34,37,7800,31426
2023-12-29 13:49:50,34,36,7800,31426
2023-12-29 13:49:52,34,37,7800,31426
2023-12-29 13:49:52,35,37,7800,31426
2023-12-29 13:49:52,35,36,7800,31426
2023-12-29 13:49:55,34,36,7800,31426
2023-12-29 13:49:56,35,36,7800,31426
2023-12-29 13:50:03,34,36,7800,31426
2023-12-29 13:50:03,34,37,7800,31426
2023-12-29 13:50:03,34,36,7800,31426
2023-12-29 13:50:13,35,36,7800,31426
2023-12-29 13:50:14,34,36,7800,31426
2023-12-29 13:50:30,34,37,7800,31426
2023-12-29 13:50:30,34,36,7800,31426
2023-12-29 13:50:31,35,36,7800,31426
2023-12-29 13:50:36,35,37,7988,31614
2023-12-29 13:50:36,35,36,7988,31614
2023-12-29 13:50:51,35,37,7988,31614
2023-12-29 13:50:51,34,37,7988,31614
2023-12-29 13:50:51,34,36,7988,31614
2023-12-29 13:50:51,35,36,7988,31614
2023-12-29 13:50:57,34,36,7988,31614
2023-12-29 13:50:59,34,37,7988,31614
2023-12-29 13:51:00,34,36,7988,31614
2023-12-29 13:51:02,35,36,7988,31614
2023-12-29 13:51:03,34,36,7988,31614
2023-12-29 13:51:11,34,37,7988,31614
2023-12-29 13:51:11,34,36,7988,31614
2023-12-29 13:51:14,34,37,7988,31614
2023-12-29 13:51:14,34,36,7988,31614
2023-12-29 13:51:32,33,36,7988,31614
2023-12-29 13:51:33,33,35,7988,31614
2023-12-29 13:51:35,32,35,7988,31614
2023-12-29 13:51:43,32,34,7988,31614
2023-12-29 13:51:44,32,35,7988,31614
2023-12-29 13:52:05,32,34,7988,31614
2023-12-29 13:52:06,32,35,7988,31614
2023-12-29 13:52:07,32,34,7988,31614
2023-12-29 13:52:08,32,35,7988,31614
2023-12-29 13:52:26,32,34,7988,31614
2023-12-29 13:52:31,32,35,7988,31614
2023-12-29 13:52:31,32,33,7988,31614
2023-12-29 13:52:41,31,33,7988,31614
2023-12-29 13:53:04,30,33,7988,31614
2023-12-29 13:53:04,30,32,7988,31614
2023-12-29 13:53:11,29,32,7988,31614
2023-12-29 13:53:15,30,32,7988,31614
2023-12-29 13:53:16,29,32,7988,31614
2023-12-29 13:53:16,29,33,7988,31614
2023-12-29 13:53:16,29,32,7988,31614
2023-12-29 13:53:29,29,31,7988,31614
2023-12-29 13:53:31,29,32,7988,31614
2023-12-29 13:53:39,29,31,7988,31614
2023-12-29 13:53:41,29,32,7988,31614
2023-12-29 13:53:41,29,31,7988,31614
2023-12-29 13:53:45,29,32,7988,31614
2023-12-29 13:53:45,29,31,7988,31614
2023-12-29 13:53:49,28,31,7988,31614
2023-12-29 13:53:49,28,32,7988,31614
2023-12-29 13:53:49,28,31,7988,31614
2023-12-29 13:53:51,28,32,7988,31614
2023-12-29 13:53:51,28,31,7988,31614
2023-12-29 13:53:56,28,32,7988,31614
2023-12-29 13:53:56,28,30,7988,31614
2023-12-29 13:53:56,28,32,7988,31614
2023-12-29 13:53:56,28,30,7988,31614
2023-12-29 13:54:01,28,31,7988,31614
2023-12-29 13:54:01,28,30,7988,31614
2023-12-29 13:54:13,28,32,7988,31614
2023-12-29 13:54:13,28,30,7988,31614
2023-12-29 13:54:24,28,29,7988,31614
2023-12-29 13:54:24,27,29,7988,31814
2023-12-29 13:54:46,27,29,7988,31859
2023-12-29 13:55:04,27,28,7988,31859
2023-12-29 13:55:04,26,28,7988,31859
2023-12-29 13:55:22,27,28,7988,31859
2023-12-29 13:55:23,27,29,7988,31859
2023-12-29 13:55:29,27,30,7988,31859
2023-12-29 13:55:32,28,30,7988,31859
2023-12-29 13:55:36,28,31,7988,31859
2023-12-29 13:55:42,28,32,7988,31859
2023-12-29 13:55:45,29,32,7988,31859
2023-12-29 13:55:59,29,33,7988,31859
2023-12-29 13:56:02,29,32,7988,31859
2023-12-29 13:56:21,30,32,7988,31859
2023-12-29 13:56:36,31,32,7988,31859
2023-12-29 13:56:38,30,32,7988,31859
2023-12-29 13:56:55,29,32,7988,31859
2023-12-29 13:56:55,29,32,7988,31859
2023-12-29 13:56:55,30,32,7988,31859
2023-12-29 13:56:57,30,31,7988,31859
2023-12-29 13:57:00,29,31,7988,31859
2023-12-29 13:57:01,30,31,7988,31859
2023-12-29 13:57:03,29,31,7988,31859
2023-12-29 13:57:11,28,31,7988,31859
2023-12-29 13:57:13,28,30,7988,31859
2023-12-29 13:57:14,28,31,7988,31859
2023-12-29 13:57:15,28,30,7988,31859
2023-12-29 13:57:17,27,30,7988,31859
2023-12-29 13:57:21,27,31,7988,31859
2023-12-29 13:57:22,28,31,7988,31859
2023-12-29 13:57:23,27,31,7988,31859
2023-12-29 13:57:26,28,31,7988,31859
2023-12-29 13:57:27,27,31,7988,31859
2023-12-29 13:57:27,28,31,7988,31859
2023-12-29 13:57:32,28,32,7988,31859
2023-12-29 13:57:32,29,32,7988,31859
2023-12-29 13:57:41,28,32,7988,31859
2023-12-29 13:57:42,28,31,7988,31859
2023-12-29 13:57:44,29,31,7988,31859
2023-12-29 13:57:45,28,31,7988,31859
2023-12-29 13:57:45,29,31,7988,31859
2023-12-29 13:57:54,28,31,7988,31859
2023-12-29 13:57:54,28,32,7988,31859
2023-12-29 13:57:55,29,32,7988,31859
2023-12-29 13:58:01,29,32,7988,31859
2023-12-29 13:58:01,29,31,7988,31859
2023-12-29 13:58:25,29,30,7988,31859
2023-12-29 13:58:29,29,31,7988,31859
2023-12-29 13:58:30,28,30,7988,31859
2023-12-29 13:58:30,29,30,7988,31859
2023-12-29 13:58:33,29,32,7988,31859
2023-12-29 13:58:33,29,31,7988,31859
2023-12-29 13:58:40,29,32,7988,31859
2023-12-29 13:58:40,28,32,7988,31859
2023-12-29 13:58:42,28,31,7988,31859
2023-12-29 13:58:42,29,31,7988,31859
2023-12-29 13:58:56,28,31,7988,31859
2023-12-29 13:58:56,28,32,7988,31859
2023-12-29 13:58:57,28,31,7988,31859
2023-12-29 13:58:57,29,31,7988,31859
2023-12-29 13:59:06,28,31,7988,31859
2023-12-29 13:59:06,28,32,7988,31859
2023-12-29 13:59:06,28,30,7988,31859
2023-12-29 13:59:06,29,30,7988,31859
2023-12-29 13:59:06,29,32,7988,31859
2023-12-29 13:59:06,29,30,7988,31859
2023-12-29 13:59:08,29,32,7988,31859
2023-12-29 13:59:08,29,31,7988,31859
2023-12-29 13:59:17,28,31,7988,31859
2023-12-29 13:59:17,28,32,7988,31859
2023-12-29 13:59:17,28,30,7988,31859
2023-12-29 13:59:17,29,30,7988,31859
2023-12-29 13:59:20,29,31,7988,31859
2023-12-29 13:59:20,28,31,7988,31859
2023-12-29 13:59:20,29,31,7988,31859
2023-12-29 13:59:24,27,30,7988,31859
2023-12-29 13:59:24,28,30,7988,31859
2023-12-29 13:59:31,27,30,7988,31859
2023-12-29 13:59:31,28,30,7988,31859
2023-12-29 13:59:34,28,31,7988,31859
2023-12-29 13:59:34,27,31,7988,31859
2023-12-29 13:59:34,28,31,7988,31859
2023-12-29 14:00:01,28,32,8160,32031
2023-12-29 14:00:01,29,32,8160,32031
2023-12-29 14:00:01,29,31,8160,32031
2023-12-29 14:00:08,29,30,8160,32031
2023-12-29 14:00:12,29,32,8160,32031
2023-12-29 14:00:12,29,31,8160,32031
2023-12-29 14:00:17,29,32,8282,32153
2023-12-29 14:00:17,29,31,8282,32153
2023-12-29 14:00:18,29,32,8451,32322
2023-12-29 14:00:18,30,32,8451,32322
2023-12-29 14:00:18,30,31,8451,32322
2023-12-29 14:00:19,29,31,8451,32322
2023-12-29 14:00:20,29,32,8451,32322
2023-12-29 14:00:20,29,31,8451,32322
2023-12-29 14:00:28,30,31,8451,32322
2023-12-29 14:00:29,30,32,8451,32322
2023-12-29 14:00:31,29,32,8451,32322
2023-12-29 14:00:31,29,33,8451,32322
2023-12-29 14:00:31,30,33,8451,32322
2023-12-29 14:00:31,30,32,8451,32322
2023-12-29 14:00:40,29,32,8451,32322
2023-12-29 14:00:47,30,32,8451,32322
2023-12-29 14:01:05,29,32,8451,32322
2023-12-29 14:01:05,29,33,8451,32322
2023-12-29 14:01:05,30,33,8451,32322
2023-12-29 14:01:12,31,33,8451,32322
2023-12-29 14:01:13,31,34,8451,32322
2023-12-29 14:01:16,31,35,8451,32322
2023-12-29 14:01:18,32,35,8451,32322
2023-12-29 14:01:19,32,36,8451,32322
2023-12-29 14:01:40,32,35,8451,32322
2023-12-29 14:01:56,31,35,8451,32322
2023-12-29 14:01:58,31,34,8451,32322
2023-12-29 14:02:01,32,34,8451,32322
2023-12-29 14:02:01,32,35,8451,32322
2023-12-29 14:02:15,32,34,8451,32322
2023-12-29 14:02:15,31,34,8451,32322
2023-12-29 14:02:22,31,33,8451,32322
2023-12-29 14:02:22,30,33,8451,32322
2023-12-29 14:02:26,29,33,8451,32322
2023-12-29 14:02:26,29,32,8451,32322
2023-12-29 14:02:32,29,31,8451,32322
2023-12-29 14:02:32,28,31,8451,32322
2023-12-29 14:02:45,29,31,8451,32322
2023-12-29 14:02:45,29,32,8451,32322
2023-12-29 14:03:08,30,32,8451,32322
2023-12-29 14:03:08,30,33,8451,32322
2023-12-29 14:03:10,30,34,8451,32322
2023-12-29 14:03:15,30,33,8451,32322
2023-12-29 14:03:23,30,34,8451,32322
2023-12-29 14:03:30,30,33,8451,32322
2023-12-29 14:03:35,30,34,8451,32322
2023-12-29 14:03:44,30,33,8451,32322
2023-12-29 14:03:55,29,33,8451,32322
2023-12-29 14:03:58,29,32,8451,32322
2023-12-29 14:03:59,28,32,8451,32322
2023-12-29 14:04:03,28,31,8451,32322
2023-12-29 14:04:44,28,32,8451,32322
2023-12-29 14:04:45,28,31,8451,32322
2023-12-29 14:04:46,28,32,8451,32322
2023-12-29 14:04:55,29,32,8451,32322
2023-12-29 14:04:57,29,33,8451,32322
2023-12-29 14:05:02,29,32,8451,32322
2023-12-29 14:05:12,29,33,8451,32322
2023-12-29 14:05:16,29,32,8451,32322
2023-12-29 14:05:17,29,33,8451,32322
2023-12-29 14:05:18,29,32,8451,32322
2023-12-29 14:05:19,29,33,8451,32322
2023-12-29 14:05:20,29,32,8451,32322
2023-12-29 14:05:23,29,33,8451,32322
2023-12-29 14:05:30,29,32,8451,32322
2023-12-29 14:05:32,29,33,8451,32322
2023-12-29 14:05:39,29,32,8451,32322
2023-12-29 14:05:43,29,33,8451,32322
2023-12-29 14:05:46,29,32,8451,32322
2023-12-29 14:06:01,29,33,8451,32322
2023-12-29 14:06:22,29,34,8451,32322
2023-12-29 14:06:25,30,34,8451,32322
2023-12-29 14:07:01,31,34,8451,32322
2023-12-29 14:07:09,31,35,8451,32322
2023-12-29 14:07:19,31,34,8451,32322
2023-12-29 14:07:24,31,35,8451,32322
2023-12-29 14:07:26,31,34,8451,32322
2023-12-29 14:07:37,31,35,8451,32322
2023-12-29 14:07:38,31,34,8451,32322
2023-12-29 14:07:40,31,35,8451,32322
2023-12-29 14:07:47,31,34,8451,32322
2023-12-29 14:07:48,31,35,8451,32322
2023-12-29 14:07:50,31,34,8451,32322
2023-12-29 14:08:08,31,35,8146,32627
2023-12-29 14:08:09,32,35,8146,32627
2023-12-29 14:08:42,32,34,8146,32627
2023-12-29 14:08:42,31,34,8146,32827
2023-12-29 14:08:43,31,33,8146,32827
2023-12-29 14:08:43,30,33,8146,32827
2023-12-29 14:08:45,29,33,8146,32827
2023-12-29 14:08:47,29,32,8146,32827
2023-12-29 14:08:58,29,33,8146,32827
2023-12-29 14:08:58,30,33,8146,32827
2023-12-29 14:09:12,29,33,8146,32827
2023-12-29 14:09:26,29,32,8146,32827
2023-12-29 14:10:42,29,33,8146,32827
2023-12-29 14:10:45,30,33,8146,32827
2023-12-29 14:10:51,29,33,8146,32827
2023-12-29 14:10:53,30,33,8146,32827
2023-12-29 14:11:16,31,33,8146,32827
2023-12-29 14:11:17,31,34,8146,33027
2023-12-29 14:11:17,31,33,8146,33027
2023-12-29 14:11:30,30,33,8146,33027
2023-12-29 14:11:30,30,34,8146,33027
2023-12-29 14:11:30,30,33,8146,33027
2023-12-29 14:11:30,30,32,8146,33027
2023-12-29 14:11:35,31,32,8146,33027
2023-12-29 14:11:42,30,32,8146,33027
2023-12-29 14:11:43,29,32,8146,33027
2023-12-29 14:11:43,29,31,8146,33027
2023-12-29 14:11:45,29,30,8146,33027
2023-12-29 14:11:48,29,32,8146,33027
2023-12-29 14:11:48,29,31,8146,33027
2023-12-29 14:12:01,29,33,8146,33027
2023-12-29 14:12:01,29,32,8146,33027
2023-12-29 14:12:02,30,32,8146,33027
2023-12-29 14:12:09,29,32,8146,33027
2023-12-29 14:12:14,29,31,8146,33027
2023-12-29 14:12:18,29,30,8146,33027
2023-12-29 14:12:18,28,30,8146,33227
2023-12-29 14:12:21,27,30,8146,33227
2023-12-29 14:12:30,27,29,8146,33227
2023-12-29 14:12:35,27,30,8146,33227
2023-12-29 14:12:36,27,29,8146,33227
2023-12-29 14:12:38,27,30,8146,33227
2023-12-29 14:12:39,27,29,8146,33227
2023-12-29 14:12:56,27,30,8146,33227
2023-12-29 14:12:57,27,29,8146,33227
2023-12-29 14:13:07,27,30,8146,33227
2023-12-29 14:13:09,27,29,8146,33227
2023-12-29 14:13:14,27,31,8275,33356
2023-12-29 14:13:17,28,31,8275,33356
2023-12-29 14:13:19,28,32,8275,33356
2023-12-29 14:13:28,28,31,8275,33356
2023-12-29 14:13:29,28,32,8275,33356
2023-12-29 14:13:33,28,31,8275,33356
2023-12-29 14:14:48,28,32,8275,33356
2023-12-29 14:15:03,28,31,8275,33356
2023-12-29 14:15:05,27,31,8275,33356
2023-12-29 14:15:15,28,31,8275,33356
2023-12-29 14:15:15,28,32,8275,33356
2023-12-29 14:15:50,29,32,8275,33356
2023-12-29 14:15:51,28,32,8275,33356
2023-12-29 14:15:53,29,32,8275,33356
2023-12-29 14:15:56,29,33,8275,33356
2023-12-29 14:16:00,30,33,8275,33356
2023-12-29 14:16:05,31,33,8275,33356
2023-12-29 14:16:09,31,35,8275,33356
2023-12-29 14:16:13,31,34,8275,33356
2023-12-29 14:16:18,30,34,8275,33356
2023-12-29 14:16:18,30,33,8275,33356
2023-12-29 14:16:22,30,34,8275,33356
2023-12-29 14:16:31,31,34,8275,33356
2023-12-29 14:16:33,31,35,8275,33356
2023-12-29 14:16:41,32,35,8275,33356
2023-12-29 14:16:42,32,36,8275,33356
2023-12-29 14:16:44,32,35,8275,33356
2023-12-29 14:16:45,32,36,8275,33356
2023-12-29 14:16:51,32,35,8275,33356
2023-12-29 14:16:52,32,36,8275,33356
2023-12-29 14:16:55,32,35,8275,33356
2023-12-29 14:17:00,32,36,8275,33356
2023-12-29 14:17:02,32,35,8275,33356
2023-12-29 14:17:03,31,35,8275,33356
2023-12-29 14:17:22,32,35,8275,33356
2023-12-29 14:17:28,32,36,8275,33356
2023-12-29 14:17:41,32,35,8275,33356
2023-12-29 14:17:49,31,35,8275,33356
2023-12-29 14:17:51,31,34,8275,33356
2023-12-29 14:17:59,30,34,8275,33356
2023-12-29 14:18:06,30,33,8275,33356
2023-12-29 14:18:17,30,34,8275,33356
2023-12-29 14:19:02,31,34,8275,33356
2023-12-29 14:19:15,30,34,8275,33356
2023-12-29 14:19:27,31,34,8275,33356
2023-12-29 14:19:34,31,35,8275,33356
2023-12-29 14:19:39,32,35,8275,33356
2023-12-29 14:19:57,32,36,8275,33356
2023-12-29 14:20:08,32,35,8275,33356
2023-12-29 14:20:09,31,35,8275,33356
2023-12-29 14:20:18,31,34,8275,33356
2023-12-29 14:20:21,30,34,8275,33356
2023-12-29 14:20:22,31,34,8275,33356
2023-12-29 14:20:24,31,35,8275,33356
2023-12-29 14:20:27,32,35,8275,33356
2023-12-29 14:20:29,32,36,8275,33356
2023-12-29 14:20:30,32,35,8275,33356
2023-12-29 14:20:34,31,35,8275,33356
2023-12-29 14:20:53,32,35,8275,33356
2023-12-29 14:20:57,32,36,8275,33356
2023-12-29 14:21:07,33,36,8275,33356
2023-12-29 14:21:09,33,37,8275,33556
2023-12-29 14:21:10,34,37,8275,33556
2023-12-29 14:21:45,35,37,8275,33556
2023-12-29 14:21:45,35,38,8275,33756
2023-12-29 14:21:46,36,38,8275,33756
2023-12-29 14:21:54,35,38,8475,33956
2023-12-29 14:22:02,34,38,8475,33956
2023-12-29 14:22:04,35,38,8475,33956
2023-12-29 14:22:14,36,38,8475,33956
2023-12-29 14:22:42,35,38,8475,33956
2023-12-29 14:23:00,36,38,8475,33956
2023-12-29 14:23:10,35,38,8475,33956
2023-12-29 14:24:07,36,38,8475,33956
2023-12-29 14:24:10,36,39,8475,33956
2023-12-29 14:24:10,37,39,8475,33956
2023-12-29 14:24:11,37,40,8475,33956
2023-12-29 14:24:14,37,41,8475,34156
2023-12-29 14:24:14,37,41,8467,34164
2023-12-29 14:24:15,38,41,8467,34164
2023-12-29 14:24:24,37,41,8467,34164
2023-12-29 14:24:27,37,40,8467,34164
2023-12-29 14:24:28,36,40,8467,34164
2023-12-29 14:24:32,37,40,8467,34164
2023-12-29 14:24:33,36,40,8467,34164
2023-12-29 14:24:34,37,40,8467,34164
2023-12-29 14:25:00,36,40,8467,34164
2023-12-29 14:25:13,37,40,8467,34164
2023-12-29 14:25:50,37,41,8467,34164
2023-12-29 14:25:50,38,41,8467,34164
2023-12-29 14:26:24,37,41,8467,34164
2023-12-29 14:26:41,37,40,8467,34164
2023-12-29 14:26:42,36,40,8467,34164
2023-12-29 14:26:55,36,39,8467,34164
2023-12-29 14:26:56,36,40,8467,34164
2023-12-29 14:26:59,36,39,8467,34164
2023-12-29 14:27:03,35,39,8467,34164
2023-12-29 14:27:04,35,39,8467,34164
2023-12-29 14:27:27,35,38,8467,34164
2023-12-29 14:27:32,35,39,8467,34164
2023-12-29 14:27:36,35,38,8467,34164
2023-12-29 14:27:46,34,38,8467,34164
2023-12-29 14:27:46,34,37,8467,34164
2023-12-29 14:27:55,33,37,8467,34164
2023-12-29 14:28:01,34,37,8467,34164
2023-12-29 14:28:12,33,37,8467,34164
2023-12-29 14:28:16,33,36,8467,34164
2023-12-29 14:28:24,31,36,8467,34364
2023-12-29 14:28:25,31,35,8467,34364
2023-12-29 14:28:26,31,34,8467,34364
2023-12-29 14:28:28,30,34,8467,34364
2023-12-29 14:28:35,30,33,8467,34364
2023-12-29 14:28:38,30,32,8467,34364
2023-12-29 14:28:39,29,32,8467,34564
2023-12-29 14:28:40,29,31,8467,34564
2023-12-29 14:28:50,29,32,8467,34564
2023-12-29 14:28:54,29,31,8467,34564
2023-12-29 14:29:04,28,31,8467,34564
2023-12-29 14:30:04,28,32,8467,34564
2023-12-29 14:30:05,28,31,8467,34564
2023-12-29 14:30:05,28,32,8467,34756
2023-12-29 14:30:06,29,32,8467,34756
2023-12-29 14:30:07,29,33,8467,34756
2023-12-29 14:30:08,30,33,8467,34756
2023-12-29 14:30:09,30,34,8467,34756
2023-12-29 14:30:09,31,34,8467,34756
2023-12-29 14:30:13,31,35,8467,34956
2023-12-29 14:30:18,31,34,8467,34956
2023-12-29 14:30:24,31,35,8467,34956
2023-12-29 14:30:31,32,35,8467,34956
2023-12-29 14:30:33,32,36,8467,34956
2023-12-29 14:30:39,33,36,8467,34956
2023-12-29 14:30:41,32,36,8467,34956
2023-12-29 14:30:50,33,36,8467,34956
2023-12-29 14:30:58,32,36,8467,34956
2023-12-29 14:30:59,33,36,8467,34956
2023-12-29 14:30:59,33,37,8467,34956
2023-12-29 14:31:08,33,36,8467,34956
2023-12-29 14:31:12,32,36,8467,34956
2023-12-29 14:31:24,33,36,8467,34956
2023-12-29 14:31:25,32,36,8467,34956
2023-12-29 14:31:26,33,36,8467,34956
2023-12-29 14:31:27,32,36,8467,34956
2023-12-29 14:31:41,32,35,8467,34956
2023-12-29 14:31:44,32,36,8467,34956
2023-12-29 14:31:48,32,35,8467,34956
2023-12-29 14:32:01,32,36,8467,34956
2023-12-29 14:32:02,33,36,8467,34956
2023-12-29 14:32:03,33,37,8467,34956
2023-12-29 14:32:08,33,36,8467,34956
2023-12-29 14:32:17,32,36,8467,34956
2023-12-29 14:32:18,33,36,8467,34956
2023-12-29 14:32:42,32,36,8467,34956
2023-12-29 14:32:46,33,36,8467,34956
2023-12-29 14:32:55,33,37,8467,34956
2023-12-29 14:33:08,33,36,8467,34956
2023-12-29 14:33:14,33,37,8467,34956
2023-12-29 14:33:14,33,36,8467,34956
2023-12-29 14:33:16,33,37,8467,34956
2023-12-29 14:33:26,33,36,8467,34956
2023-12-29 14:33:34,33,37,8467,34956
2023-12-29 14:33:38,33,36,8467,34956
2023-12-29 14:33:44,32,36,8467,34956
2023-12-29 14:34:14,32,35,8467,34956
2023-12-29 14:34:15,32,36,8467,34956
2023-12-29 14:34:34,33,36,8467,34956
2023-12-29 14:34:40,33,37,8467,34956
2023-12-29 14:34:45,33,36,8467,34956
2023-12-29 14:34:46,32,36,8467,34956
2023-12-29 14:34:48,33,36,8467,34956
2023-12-29 14:34:53,32,36,8467,34956
2023-12-29 14:35:00,33,36,8467,34956
2023-12-29 14:35:04,32,36,8467,34956
2023-12-29 14:35:17,32,35,8467,34956
2023-12-29 14:35:18,32,36,8467,34956
2023-12-29 14:35:27,32,35,8467,34956
2023-12-29 14:35:41,32,36,8467,34956
2023-12-29 14:35:50,32,35,8467,34956
2023-12-29 14:35:55,31,35,8467,34956
2023-12-29 14:36:09,32,35,8467,34956
2023-12-29 14:36:27,32,36,8467,34956
2023-12-29 14:36:50,33,36,8467,34956
2023-12-29 14:36:50,33,36,8709,35206
2023-12-29 14:36:50,33,37,8709,35206
2023-12-29 14:36:51,34,37,8709,35206
2023-12-29 14:37:16,33,37,8709,35206
2023-12-29 14:37:24,34,37,8709,35206
2023-12-29 14:37:26,34,38,8709,35206
2023-12-29 14:37:28,35,38,8709,35206
2023-12-29 14:37:29,35,39,8709,35222
2023-12-29 14:37:56,34,39,8709,35222
2023-12-29 14:37:56,34,38,8709,35222
2023-12-29 14:38:20,35,38,8709,35222
2023-12-29 14:38:23,34,38,8709,35222
2023-12-29 14:38:24,34,39,8709,35222
2023-12-29 14:38:24,35,39,8709,35222
2023-12-29 14:38:28,35,38,8709,35222
2023-12-29 14:38:31,35,39,8709,35222
2023-12-29 14:38:33,35,38,8709,35222
2023-12-29 14:38:36,34,38,8709,35222
2023-12-29 14:39:04,33,38,8709,35222
2023-12-29 14:39:04,33,37,8709,35222
2023-12-29 14:39:06,33,38,8709,35222
2023-12-29 14:39:29,34,39,8709,35222
2023-12-29 14:39:29,35,39,8709,35222
2023-12-29 14:39:31,35,38,8709,35222
2023-12-29 14:39:33,34,38,8709,35222
2023-12-29 14:39:35,35,38,8709,35222
2023-12-29 14:39:36,35,39,8709,35222
2023-12-29 14:39:40,35,38,8709,35222
2023-12-29 14:39:40,34,38,8709,35222
2023-12-29 14:39:57,33,38,8709,35222
2023-12-29 14:40:06,33,36,8709,35222
