datetime,bid,ask,open_interest,volume
2023-02-21 09:31:02,1,100,330,330
2023-02-21 09:31:03,1,12,330,330
2023-02-21 09:31:03,3,12,330,330
2023-02-21 09:31:03,3,9,330,330
2023-02-21 09:33:06,3,7,330,330
2023-02-21 09:33:07,1,7,330,330
2023-02-21 09:40:07,1,8,330,330
2023-02-21 09:40:07,1,5,330,330
2023-02-21 09:40:33,2,5,330,330
2023-02-21 09:40:33,2,4,330,330
2023-02-21 09:40:57,1,4,330,330
2023-02-21 09:40:58,1,5,330,330
2023-02-21 09:40:58,2,5,330,330
2023-02-21 09:40:58,2,4,330,330
2023-02-21 09:41:06,1,4,330,330
2023-02-21 09:41:06,1,5,330,330
2023-02-21 09:48:26,1,3,330,330
2023-02-21 09:49:35,2,3,330,330
2023-02-21 09:49:59,1,3,330,330
2023-02-21 09:49:59,3,5,380,380
2023-02-21 09:50:35,2,5,380,380
2023-02-21 09:50:35,1,5,380,380
2023-02-21 09:50:35,1,7,380,380
2023-02-21 09:50:37,3,7,380,380
2023-02-21 09:50:37,3,6,380,380
2023-02-21 09:50:37,3,5,380,380
2023-02-21 09:51:03,1,5,380,380
2023-02-21 09:51:03,1,7,380,380
2023-02-21 09:51:04,2,7,380,380
2023-02-21 09:51:04,3,7,380,380
2023-02-21 09:51:04,3,6,380,380
2023-02-21 09:51:04,3,5,380,380
2023-02-21 09:51:33,1,5,380,380
2023-02-21 09:51:33,1,6,380,380
2023-02-21 09:51:33,1,7,380,380
2023-02-21 09:51:33,2,7,380,380
2023-02-21 09:51:33,3,7,380,380
2023-02-21 09:51:33,3,6,380,380
2023-02-21 09:51:58,2,6,380,380
2023-02-21 09:51:58,2,7,380,380
2023-02-21 09:51:59,3,7,380,380
2023-02-21 09:51:59,4,7,380,380
2023-02-21 09:51:59,4,6,380,380
2023-02-21 09:52:32,3,6,380,380
2023-02-21 09:52:32,2,6,380,380
2023-02-21 09:52:32,1,6,380,380
2023-02-21 09:52:33,3,6,380,380
2023-02-21 09:52:33,3,5,380,380
2023-02-21 09:53:00,2,5,380,380
2023-02-21 09:53:00,2,6,380,380
2023-02-21 09:53:00,3,6,380,380
2023-02-21 09:53:00,3,5,380,380
2023-02-21 09:53:33,2,5,380,380
2023-02-21 09:53:33,1,5,380,380
2023-02-21 09:53:34,2,5,380,380
2023-02-21 09:53:34,2,4,380,380
2023-02-21 09:54:01,1,4,380,380
2023-02-21 09:54:01,1,5,380,380
2023-02-21 09:54:39,2,5,380,380
2023-02-21 09:54:39,2,4,380,380
2023-02-21 09:55:01,1,4,380,380
2023-02-21 09:55:01,1,5,380,380
2023-02-21 09:55:02,2,5,380,380
2023-02-21 09:55:02,2,4,380,380
2023-02-21 09:55:31,1,4,380,380
2023-02-21 09:55:31,1,5,380,380
2023-02-21 09:55:31,2,5,380,380
2023-02-21 09:55:31,2,4,380,380
2023-02-21 09:56:01,1,4,380,380
2023-02-21 09:56:01,1,5,380,380
2023-02-21 09:56:24,1,7,380,380
2023-02-21 09:56:41,2,7,380,380
2023-02-21 09:56:41,3,7,380,380
2023-02-21 09:56:41,3,6,380,380
2023-02-21 09:56:56,2,6,380,380
2023-02-21 09:56:56,2,7,380,380
2023-02-21 09:56:57,3,7,380,380
2023-02-21 09:56:57,4,7,380,380
2023-02-21 09:56:57,4,6,380,380
2023-02-21 09:57:33,1,6,380,380
2023-02-21 09:57:33,2,6,380,380
2023-02-21 09:57:33,3,6,380,380
2023-02-21 09:57:33,3,5,380,380
2023-02-21 09:58:33,2,5,380,380
2023-02-21 09:58:33,2,6,380,380
2023-02-21 09:58:33,3,6,380,380
2023-02-21 09:58:33,3,5,380,380
2023-02-21 09:59:02,3,6,380,723
2023-02-21 09:59:02,1,6,380,723
2023-02-21 09:59:02,1,7,380,723
2023-02-21 09:59:02,2,7,380,723
2023-02-21 09:59:02,4,7,380,723
2023-02-21 09:59:02,4,6,380,723
2023-02-21 09:59:10,3,6,380,723
2023-02-21 09:59:10,2,6,380,723
2023-02-21 09:59:10,2,7,380,723
2023-02-21 09:59:10,4,7,380,723
2023-02-21 09:59:33,2,7,380,723
2023-02-21 09:59:33,3,7,380,723
2023-02-21 09:59:33,4,7,380,723
2023-02-21 09:59:33,4,6,380,723
2023-02-21 09:59:57,3,6,380,723
2023-02-21 09:59:57,3,7,380,723
2023-02-21 09:59:57,4,7,380,723
2023-02-21 09:59:57,4,6,380,723
2023-02-21 10:00:33,3,6,380,723
2023-02-21 10:00:33,2,6,380,723
2023-02-21 10:00:33,1,6,380,723
2023-02-21 10:00:33,1,7,380,723
2023-02-21 10:00:33,4,7,380,723
2023-02-21 10:00:59,4,6,380,723
2023-02-21 10:01:25,4,5,380,723
2023-02-21 10:01:30,2,5,380,723
2023-02-21 10:01:30,1,5,380,723
2023-02-21 10:01:31,3,5,380,723
2023-02-21 10:02:33,1,5,380,723
2023-02-21 10:02:34,2,5,380,723
2023-02-21 10:02:34,3,5,380,723
2023-02-21 10:02:34,4,5,380,723
2023-02-21 10:02:57,3,5,380,723
2023-02-21 10:02:57,4,5,380,723
2023-02-21 10:03:34,3,5,380,723
2023-02-21 10:03:35,4,5,380,723
2023-02-21 10:03:58,3,5,380,723
2023-02-21 10:03:58,1,5,380,723
2023-02-21 10:03:58,4,5,380,723
2023-02-21 10:04:31,3,5,380,723
2023-02-21 10:04:31,1,5,380,723
2023-02-21 10:04:31,4,5,380,723
2023-02-21 10:05:36,1,5,380,723
2023-02-21 10:05:36,5,7,430,773
2023-02-21 10:06:23,3,7,430,773
2023-02-21 10:06:23,4,7,430,773
2023-02-21 10:06:34,2,7,430,773
2023-02-21 10:06:34,3,7,430,773
2023-02-21 10:06:34,4,7,430,773
2023-02-21 10:06:34,4,6,430,773
2023-02-21 10:06:59,3,6,430,773
2023-02-21 10:06:59,1,6,430,773
2023-02-21 10:06:59,1,7,430,773
2023-02-21 10:06:59,2,7,430,773
2023-02-21 10:06:59,3,7,430,773
2023-02-21 10:06:59,3,6,430,773
2023-02-21 10:07:31,3,7,430,773
2023-02-21 10:07:31,4,7,430,773
2023-02-21 10:07:31,4,6,430,773
2023-02-21 10:07:57,2,6,430,773
2023-02-21 10:07:57,1,6,430,773
2023-02-21 10:07:58,1,7,430,773
2023-02-21 10:07:58,3,7,430,773
2023-02-21 10:07:58,4,7,430,773
2023-02-21 10:07:58,4,6,430,773
2023-02-21 10:08:33,3,6,430,773
2023-02-21 10:08:33,1,6,430,773
2023-02-21 10:08:33,1,7,430,773
2023-02-21 10:08:34,2,7,430,773
2023-02-21 10:08:34,4,7,430,773
2023-02-21 10:08:34,4,6,430,773
2023-02-21 10:09:00,3,6,430,773
2023-02-21 10:09:00,3,7,430,773
2023-02-21 10:09:01,4,7,430,773
2023-02-21 10:09:01,4,6,430,773
2023-02-21 10:09:32,2,6,430,773
2023-02-21 10:09:32,2,7,430,773
2023-02-21 10:09:32,3,7,430,773
2023-02-21 10:09:33,4,7,430,773
2023-02-21 10:09:33,4,6,430,773
2023-02-21 10:10:00,3,6,430,773
2023-02-21 10:10:00,1,6,430,773
2023-02-21 10:10:00,1,7,430,773
2023-02-21 10:10:00,2,7,430,773
2023-02-21 10:10:00,4,7,430,773
2023-02-21 10:10:00,4,6,430,773
2023-02-21 10:10:34,3,6,430,773
2023-02-21 10:10:34,3,7,430,773
2023-02-21 10:10:34,4,7,430,773
2023-02-21 10:11:05,3,7,430,773
2023-02-21 10:11:05,4,7,430,773
2023-02-21 10:11:32,3,7,430,773
2023-02-21 10:11:32,1,7,430,773
2023-02-21 10:11:33,4,7,430,773
2023-02-21 10:11:33,5,7,430,773
2023-02-21 10:11:56,4,7,430,773
2023-02-21 10:11:56,4,8,430,773
2023-02-21 10:11:56,5,8,430,773
2023-02-21 10:12:31,3,8,430,773
2023-02-21 10:12:31,3,9,430,773
2023-02-21 10:12:31,4,9,430,773
2023-02-21 10:12:31,5,9,430,773
2023-02-21 10:12:31,6,9,430,773
2023-02-21 10:12:58,5,9,430,773
2023-02-21 10:12:58,6,9,430,773
2023-02-21 10:13:36,5,9,430,773
2023-02-21 10:13:36,5,10,430,773
2023-02-21 10:13:36,6,10,430,773
2023-02-21 10:13:36,6,9,430,773
2023-02-21 10:13:59,5,9,430,773
2023-02-21 10:13:59,5,10,430,773
2023-02-21 10:14:00,6,10,430,773
2023-02-21 10:14:00,6,9,430,773
2023-02-21 10:14:34,5,9,430,773
2023-02-21 10:14:34,5,10,430,773
2023-02-21 10:14:34,6,10,430,773
2023-02-21 10:14:35,6,9,430,773
2023-02-21 10:15:01,5,9,430,773
2023-02-21 10:15:01,5,10,430,773
2023-02-21 10:15:02,6,10,430,773
2023-02-21 10:15:02,6,9,430,773
2023-02-21 10:15:32,5,9,430,773
2023-02-21 10:15:32,5,11,430,773
2023-02-21 10:15:33,6,11,430,773
2023-02-21 10:15:33,6,10,430,773
2023-02-21 10:16:02,5,10,430,773
2023-02-21 10:16:02,6,10,430,773
2023-02-21 10:16:02,6,9,430,773
2023-02-21 10:16:32,4,9,430,773
2023-02-21 10:16:32,3,9,430,773
2023-02-21 10:16:32,5,9,430,773
2023-02-21 10:16:32,5,8,430,773
2023-02-21 10:16:59,4,8,430,773
2023-02-21 10:17:00,4,9,430,773
2023-02-21 10:17:00,5,9,430,773
2023-02-21 10:17:00,5,8,430,773
2023-02-21 10:17:10,5,8,433,776
2023-02-21 10:17:36,4,8,433,776
2023-02-21 10:17:36,4,9,433,776
2023-02-21 10:17:36,5,9,433,776
2023-02-21 10:17:36,6,9,433,776
2023-02-21 10:18:00,3,9,433,776
2023-02-21 10:18:01,4,9,433,776
2023-02-21 10:18:01,5,9,433,776
2023-02-21 10:18:01,6,9,433,776
2023-02-21 10:18:33,5,9,433,776
2023-02-21 10:18:33,6,9,433,776
2023-02-21 10:19:00,5,9,433,776
2023-02-21 10:19:00,4,9,433,776
2023-02-21 10:19:00,3,9,433,776
2023-02-21 10:19:01,6,9,433,776
2023-02-21 10:19:32,5,9,433,776
2023-02-21 10:19:32,3,9,433,776
2023-02-21 10:19:32,4,9,433,776
2023-02-21 10:19:32,5,9,433,776
2023-02-21 10:19:32,5,8,433,776
2023-02-21 10:20:00,4,8,433,776
2023-02-21 10:20:00,4,9,433,776
2023-02-21 10:20:01,5,9,433,776
2023-02-21 10:20:01,5,8,433,776
2023-02-21 10:20:33,4,8,433,776
2023-02-21 10:20:33,4,9,433,776
2023-02-21 10:20:34,5,9,433,776
2023-02-21 10:20:34,5,8,433,776
2023-02-21 10:20:34,5,7,433,776
2023-02-21 10:20:58,5,8,433,776
2023-02-21 10:20:58,5,9,433,776
2023-02-21 10:20:59,5,7,433,776
2023-02-21 10:21:31,3,7,433,776
2023-02-21 10:21:31,3,8,433,776
2023-02-21 10:21:32,4,8,433,776
2023-02-21 10:21:32,5,8,433,776
2023-02-21 10:21:57,3,8,433,776
2023-02-21 10:21:58,4,8,433,776
2023-02-21 10:21:58,5,8,433,776
2023-02-21 10:22:31,4,8,433,776
2023-02-21 10:22:31,3,8,433,776
2023-02-21 10:22:32,5,8,433,776
2023-02-21 10:22:59,4,8,433,776
2023-02-21 10:22:59,3,8,433,776
2023-02-21 10:23:00,5,8,433,776
2023-02-21 10:23:34,4,8,433,776
2023-02-21 10:23:34,5,8,433,776
2023-02-21 10:24:02,4,8,433,776
2023-02-21 10:24:02,3,8,433,776
2023-02-21 10:24:03,4,8,433,776
2023-02-21 10:24:03,4,7,433,776
2023-02-21 10:24:32,3,7,433,776
2023-02-21 10:24:32,3,8,433,776
2023-02-21 10:24:32,4,8,433,776
2023-02-21 10:24:32,4,7,433,776
2023-02-21 10:24:59,3,7,433,776
2023-02-21 10:24:59,3,8,433,776
2023-02-21 10:25:00,4,8,433,776
2023-02-21 10:25:00,4,7,433,776
2023-02-21 10:25:34,3,7,433,776
2023-02-21 10:25:34,3,8,433,776
2023-02-21 10:25:35,5,8,433,776
2023-02-21 10:26:01,4,8,433,776
2023-02-21 10:26:01,5,8,433,776
2023-02-21 10:26:34,4,8,433,776
2023-02-21 10:26:34,5,8,433,776
2023-02-21 10:27:00,3,8,433,776
2023-02-21 10:27:00,3,9,433,776
2023-02-21 10:27:01,4,9,433,776
2023-02-21 10:27:01,6,9,433,776
2023-02-21 10:27:32,5,9,433,776
2023-02-21 10:27:33,6,9,433,776
2023-02-21 10:27:58,5,9,433,776
2023-02-21 10:27:59,6,9,433,776
2023-02-21 10:28:59,3,9,433,776
2023-02-21 10:28:59,4,9,433,776
2023-02-21 10:28:59,5,9,433,776
2023-02-21 10:28:59,6,9,433,776
2023-02-21 10:29:24,6,10,433,776
2023-02-21 10:29:33,5,10,433,776
2023-02-21 10:29:33,6,10,433,776
2023-02-21 10:29:58,5,10,433,776
2023-02-21 10:29:58,6,10,433,776
2023-02-21 10:29:58,6,9,433,776
2023-02-21 10:30:32,4,9,433,776
2023-02-21 10:30:32,3,9,433,776
2023-02-21 10:30:32,5,9,433,776
2023-02-21 10:30:32,6,9,433,776
2023-02-21 10:30:58,5,9,433,776
2023-02-21 10:30:58,6,9,433,776
2023-02-21 10:31:31,5,9,433,776
2023-02-21 10:31:31,5,10,433,776
2023-02-21 10:31:31,6,10,433,776
2023-02-21 10:31:31,6,9,433,776
2023-02-21 10:31:58,5,9,433,776
2023-02-21 10:31:58,5,10,433,776
2023-02-21 10:31:59,6,10,433,776
2023-02-21 10:31:59,6,9,433,776
2023-02-21 10:32:34,4,9,433,776
2023-02-21 10:32:34,4,10,433,776
2023-02-21 10:32:34,5,10,433,776
2023-02-21 10:32:34,6,10,433,776
2023-02-21 10:32:34,6,9,433,776
2023-02-21 10:33:01,5,9,433,776
2023-02-21 10:33:01,5,10,433,776
2023-02-21 10:33:01,6,10,433,776
2023-02-21 10:33:01,6,9,433,776
2023-02-21 10:33:40,5,9,433,776
2023-02-21 10:33:40,3,9,433,776
2023-02-21 10:33:40,4,9,433,776
2023-02-21 10:33:40,5,9,433,776
2023-02-21 10:33:40,5,8,433,776
2023-02-21 10:34:06,3,8,433,776
2023-02-21 10:34:07,4,8,433,776
2023-02-21 10:34:07,5,8,433,776
2023-02-21 10:34:38,4,8,433,776
2023-02-21 10:34:38,5,8,433,776
2023-02-21 10:35:06,3,8,433,776
2023-02-21 10:35:06,4,8,433,776
2023-02-21 10:35:06,5,8,433,776
2023-02-21 10:35:40,3,8,433,776
2023-02-21 10:35:40,4,8,433,776
2023-02-21 10:35:40,5,8,433,776
2023-02-21 10:36:04,3,8,433,776
2023-02-21 10:36:05,4,8,433,776
2023-02-21 10:36:05,5,8,433,776
2023-02-21 10:36:05,5,7,433,776
2023-02-21 10:36:41,3,7,433,776
2023-02-21 10:36:41,1,7,433,776
2023-02-21 10:36:42,2,7,433,776
2023-02-21 10:36:42,4,7,433,776
2023-02-21 10:37:13,1,7,433,776
2023-02-21 10:37:14,2,7,433,776
2023-02-21 10:37:14,3,7,433,776
2023-02-21 10:37:14,4,7,433,776
2023-02-21 10:37:14,4,6,433,776
2023-02-21 10:37:48,3,6,433,776
2023-02-21 10:37:48,3,7,433,776
2023-02-21 10:37:48,4,7,433,776
2023-02-21 10:37:48,4,6,433,776
2023-02-21 10:38:13,3,6,433,776
2023-02-21 10:38:13,3,7,433,776
2023-02-21 10:38:14,4,7,433,776
2023-02-21 10:39:12,1,7,433,776
2023-02-21 10:39:13,3,7,433,776
2023-02-21 10:39:13,5,7,433,776
2023-02-21 10:39:43,4,7,433,776
2023-02-21 10:39:43,4,8,433,776
2023-02-21 10:39:43,5,8,433,776
2023-02-21 10:40:11,4,8,433,776
2023-02-21 10:40:11,5,8,433,776
2023-02-21 10:40:45,3,8,433,776
2023-02-21 10:40:45,4,8,433,776
2023-02-21 10:40:45,4,7,433,776
2023-02-21 10:41:12,3,7,433,776
2023-02-21 10:41:12,4,7,433,776
2023-02-21 10:41:33,4,6,433,776
2023-02-21 10:41:36,4,7,433,776
2023-02-21 10:41:42,4,6,433,776
2023-02-21 10:41:44,4,7,433,776
2023-02-21 10:41:47,4,6,433,776
2023-02-21 10:41:51,4,7,433,776
2023-02-21 10:41:53,1,7,433,776
2023-02-21 10:41:53,3,7,433,776
2023-02-21 10:41:53,3,6,433,776
2023-02-21 10:42:17,2,6,433,776
2023-02-21 10:42:18,3,6,433,776
2023-02-21 10:42:18,3,5,433,776
2023-02-21 10:42:41,1,5,433,776
2023-02-21 10:42:41,1,6,433,776
2023-02-21 10:42:41,2,6,433,776
2023-02-21 10:42:41,3,6,433,776
2023-02-21 10:42:41,3,5,433,776
2023-02-21 10:43:04,2,5,433,776
2023-02-21 10:43:04,1,5,433,776
2023-02-21 10:43:04,1,6,433,776
2023-02-21 10:43:05,3,6,433,776
2023-02-21 10:43:05,3,5,433,776
2023-02-21 10:43:46,2,5,433,776
2023-02-21 10:43:46,2,6,433,776
2023-02-21 10:43:46,3,6,433,776
2023-02-21 10:43:46,3,5,433,776
2023-02-21 10:44:02,2,5,433,776
2023-02-21 10:44:02,1,5,433,776
2023-02-21 10:44:02,1,6,433,776
2023-02-21 10:44:02,3,6,433,776
2023-02-21 10:44:02,3,5,433,776
2023-02-21 10:44:40,2,5,433,776
2023-02-21 10:44:40,1,5,433,776
2023-02-21 10:44:40,1,6,433,776
2023-02-21 10:44:40,1,7,433,776
2023-02-21 10:44:41,4,7,433,776
2023-02-21 10:44:41,4,6,433,776
2023-02-21 10:45:23,3,6,433,776
2023-02-21 10:45:23,3,7,433,776
2023-02-21 10:45:23,4,7,433,776
2023-02-21 10:45:45,3,7,433,776
2023-02-21 10:45:45,4,7,433,776
2023-02-21 10:46:11,1,7,433,776
2023-02-21 10:46:11,2,7,433,776
2023-02-21 10:46:11,3,7,433,776
2023-02-21 10:46:11,4,7,433,776
2023-02-21 10:46:11,4,6,433,776
2023-02-21 10:46:41,2,6,433,776
2023-02-21 10:46:41,2,7,433,776
2023-02-21 10:46:41,3,7,433,776
2023-02-21 10:46:41,3,6,433,776
2023-02-21 10:47:22,2,6,433,776
2023-02-21 10:47:22,2,7,433,776
2023-02-21 10:47:23,4,7,433,776
2023-02-21 10:47:23,4,6,433,776
2023-02-21 10:47:44,2,6,433,776
2023-02-21 10:47:44,1,6,433,776
2023-02-21 10:47:44,1,7,433,776
2023-02-21 10:47:44,3,7,433,776
2023-02-21 10:47:44,4,7,433,776
2023-02-21 10:48:15,3,7,433,776
2023-02-21 10:48:15,4,7,433,776
2023-02-21 10:48:49,3,7,433,776
2023-02-21 10:48:49,3,8,433,776
2023-02-21 10:48:49,4,8,433,776
2023-02-21 10:48:49,5,8,433,776
2023-02-21 10:48:49,5,7,433,776
2023-02-21 10:49:22,3,7,433,776
2023-02-21 10:49:22,4,7,433,776
2023-02-21 10:49:22,5,7,433,776
2023-02-21 10:49:57,3,7,433,776
2023-02-21 10:49:57,3,8,433,776
2023-02-21 10:49:57,4,8,433,776
2023-02-21 10:49:57,5,8,433,776
2023-02-21 10:50:16,4,8,433,776
2023-02-21 10:50:16,5,8,433,776
2023-02-21 10:50:16,5,7,433,776
2023-02-21 10:50:56,4,7,433,776
2023-02-21 10:50:56,3,7,433,776
2023-02-21 10:50:56,3,8,433,776
2023-02-21 10:50:57,4,8,433,776
2023-02-21 10:50:57,4,7,433,776
2023-02-21 10:51:17,3,7,433,776
2023-02-21 10:51:17,3,8,433,776
2023-02-21 10:51:18,4,8,433,776
2023-02-21 10:51:18,5,8,433,776
2023-02-21 10:51:18,5,7,433,776
2023-02-21 10:52:02,3,7,433,776
2023-02-21 10:52:02,3,8,433,776
2023-02-21 10:52:02,4,8,433,776
2023-02-21 10:52:02,4,7,433,776
2023-02-21 10:52:27,3,7,433,776
2023-02-21 10:52:27,3,8,433,776
2023-02-21 10:52:27,4,8,433,776
2023-02-21 10:52:27,4,7,433,776
2023-02-21 10:52:50,3,7,433,776
2023-02-21 10:52:50,3,8,433,776
2023-02-21 10:52:50,5,8,433,776
2023-02-21 10:53:52,3,8,433,776
2023-02-21 10:53:53,4,8,433,776
2023-02-21 10:53:53,5,8,433,776
2023-02-21 10:54:31,3,8,433,776
2023-02-21 10:54:31,4,8,433,776
2023-02-21 10:54:31,5,8,433,776
2023-02-21 10:55:10,4,8,433,776
2023-02-21 10:55:10,5,8,433,776
2023-02-21 10:55:52,4,8,433,776
2023-02-21 10:55:53,3,8,433,776
2023-02-21 10:55:53,5,8,433,776
2023-02-21 10:56:32,3,8,433,776
2023-02-21 10:56:32,4,8,433,776
2023-02-21 10:56:32,5,8,433,776
2023-02-21 10:56:46,3,8,433,776
2023-02-21 10:56:46,4,8,433,776
2023-02-21 10:56:46,5,8,433,776
2023-02-21 10:57:09,4,8,433,776
2023-02-21 10:57:09,3,8,433,776
2023-02-21 10:57:10,5,8,433,776
2023-02-21 10:57:42,3,8,433,776
2023-02-21 10:57:42,4,8,433,776
2023-02-21 10:57:42,5,8,433,776
2023-02-21 10:57:42,5,7,433,776
2023-02-21 10:58:12,4,7,433,776
2023-02-21 10:58:12,3,7,433,776
2023-02-21 10:58:12,3,8,433,776
2023-02-21 10:58:13,5,8,433,776
2023-02-21 10:58:42,4,8,433,776
2023-02-21 10:58:42,5,8,433,776
2023-02-21 10:59:03,4,8,433,776
2023-02-21 10:59:03,3,8,433,776
2023-02-21 10:59:04,5,8,433,776
2023-02-21 10:59:04,5,7,433,776
2023-02-21 10:59:44,4,7,433,776
2023-02-21 10:59:44,3,7,433,776
2023-02-21 10:59:44,3,8,433,776
2023-02-21 10:59:45,5,8,433,776
2023-02-21 10:59:45,5,7,433,776
2023-02-21 11:00:09,4,7,433,776
2023-02-21 11:00:09,4,8,433,776
2023-02-21 11:00:10,5,8,433,776
2023-02-21 11:00:10,5,7,433,776
2023-02-21 11:00:38,4,7,433,776
2023-02-21 11:00:38,3,7,433,776
2023-02-21 11:00:38,3,8,433,776
2023-02-21 11:00:39,4,8,433,776
2023-02-21 11:00:39,4,7,433,776
2023-02-21 11:01:18,1,7,433,776
2023-02-21 11:01:18,1,8,433,776
2023-02-21 11:01:19,3,8,433,776
2023-02-21 11:01:19,4,8,433,776
2023-02-21 11:01:19,4,6,433,776
2023-02-21 11:02:10,2,6,433,776
2023-02-21 11:02:10,2,7,433,776
2023-02-21 11:02:10,2,8,433,776
2023-02-21 11:02:11,3,8,433,776
2023-02-21 11:02:11,3,6,433,776
2023-02-21 11:02:50,1,6,433,776
2023-02-21 11:02:50,1,7,433,776
2023-02-21 11:02:50,2,7,433,776
2023-02-21 11:02:50,3,7,433,776
2023-02-21 11:02:50,4,7,433,776
2023-02-21 11:02:50,4,6,433,776
2023-02-21 11:03:30,3,6,433,776
2023-02-21 11:03:30,3,7,433,776
2023-02-21 11:03:31,4,7,433,776
2023-02-21 11:03:31,4,6,433,776
2023-02-21 11:03:57,3,6,433,776
2023-02-21 11:03:57,1,6,433,776
2023-02-21 11:03:57,1,7,433,776
2023-02-21 11:03:57,1,8,433,776
2023-02-21 11:03:58,4,8,433,776
2023-02-21 11:03:58,4,6,433,776
2023-02-21 11:04:26,4,6,676,1109
2023-02-21 11:04:31,4,6,1009,1442
2023-02-21 11:04:47,1,6,1009,1442
2023-02-21 11:04:47,1,8,1009,1442
2023-02-21 11:04:48,2,8,1009,1442
2023-02-21 11:04:48,3,8,1009,1442
2023-02-21 11:04:48,4,8,1009,1442
2023-02-21 11:04:48,4,7,1009,1442
2023-02-21 11:05:22,3,7,1009,1442
2023-02-21 11:05:22,3,8,1009,1442
2023-02-21 11:05:22,4,8,1009,1442
2023-02-21 11:05:22,4,7,1009,1442
2023-02-21 11:06:05,3,7,1009,1442
2023-02-21 11:06:05,3,8,1009,1442
2023-02-21 11:06:06,4,8,1009,1442
2023-02-21 11:06:06,5,8,1009,1442
2023-02-21 11:06:36,4,8,1009,1442
2023-02-21 11:06:36,3,8,1009,1442
2023-02-21 11:06:37,5,8,1009,1442
2023-02-21 11:06:57,3,8,1009,1442
2023-02-21 11:06:58,4,8,1009,1442
2023-02-21 11:06:58,5,8,1009,1442
2023-02-21 11:07:27,4,8,1009,1442
2023-02-21 11:07:28,3,8,1009,1442
2023-02-21 11:07:28,5,8,1009,1442
2023-02-21 11:07:54,3,8,1009,1442
2023-02-21 11:07:55,4,8,1009,1442
2023-02-21 11:07:55,5,8,1009,1442
2023-02-21 11:07:55,6,8,1009,1442
2023-02-21 11:08:21,5,8,1009,1442
2023-02-21 11:08:21,4,8,1009,1442
2023-02-21 11:08:21,3,8,1009,1442
2023-02-21 11:08:22,5,8,1009,1442
2023-02-21 11:08:49,4,8,1009,1442
2023-02-21 11:08:49,4,9,1009,1442
2023-02-21 11:08:49,6,9,1009,1442
2023-02-21 11:09:17,3,9,1009,1442
2023-02-21 11:09:17,5,9,1009,1442
2023-02-21 11:09:17,6,9,1009,1442
2023-02-21 11:09:41,5,9,1009,1442
2023-02-21 11:09:41,4,9,1009,1442
2023-02-21 11:09:41,6,9,1009,1442
2023-02-21 11:10:15,5,9,1009,1442
2023-02-21 11:10:15,4,9,1009,1442
2023-02-21 11:10:15,3,9,1009,1442
2023-02-21 11:10:16,6,9,1009,1442
2023-02-21 11:10:54,5,9,1009,1442
2023-02-21 11:10:54,6,9,1009,1442
2023-02-21 11:11:15,3,9,1009,1442
2023-02-21 11:11:15,5,9,1009,1442
2023-02-21 11:11:15,6,9,1009,1442
2023-02-21 11:11:50,4,9,1009,1442
2023-02-21 11:11:50,3,9,1009,1442
2023-02-21 11:11:50,5,9,1009,1442
2023-02-21 11:11:50,6,9,1009,1442
2023-02-21 11:11:50,7,9,1009,1442
2023-02-21 11:12:20,6,9,1009,1442
2023-02-21 11:12:20,7,9,1009,1442
2023-02-21 11:12:44,5,9,1009,1442
2023-02-21 11:12:45,6,9,1009,1442
2023-02-21 11:13:52,4,9,1009,1442
2023-02-21 11:13:52,3,9,1009,1442
2023-02-21 11:13:52,5,9,1009,1442
2023-02-21 11:13:52,6,9,1009,1442
2023-02-21 11:14:38,4,9,1009,1442
2023-02-21 11:14:38,3,9,1009,1442
2023-02-21 11:14:38,5,9,1009,1442
2023-02-21 11:14:38,6,9,1009,1442
2023-02-21 11:16:01,3,9,1009,1442
2023-02-21 11:16:02,5,9,1009,1442
2023-02-21 11:16:02,6,9,1009,1442
2023-02-21 11:17:14,5,9,1009,1442
2023-02-21 11:17:14,6,9,1009,1442
2023-02-21 11:17:51,5,9,1009,1442
2023-02-21 11:17:52,3,9,1009,1442
2023-02-21 11:17:52,4,9,1009,1442
2023-02-21 11:17:52,6,9,1009,1442
2023-02-21 11:18:13,4,9,1009,1442
2023-02-21 11:18:13,3,9,1009,1442
2023-02-21 11:18:14,5,9,1009,1442
2023-02-21 11:18:14,6,9,1009,1442
2023-02-21 11:18:22,6,10,1009,1442
2023-02-21 11:18:41,7,10,1009,1442
2023-02-21 11:19:12,6,10,1009,1442
2023-02-21 11:19:12,7,10,1009,1442
2023-02-21 11:19:52,5,10,1009,1442
2023-02-21 11:19:52,6,10,1009,1442
2023-02-21 11:19:52,6,9,1009,1442
2023-02-21 11:20:24,5,9,1009,1442
2023-02-21 11:20:24,5,10,1009,1442
2023-02-21 11:20:24,6,10,1009,1442
2023-02-21 11:20:24,7,10,1009,1442
2023-02-21 11:20:50,5,10,1009,1442
2023-02-21 11:20:51,6,10,1009,1442
2023-02-21 11:20:51,7,10,1009,1442
2023-02-21 11:21:23,5,10,1009,1442
2023-02-21 11:21:23,6,10,1009,1442
2023-02-21 11:21:23,7,10,1009,1442
2023-02-21 11:21:55,6,10,1009,1442
2023-02-21 11:21:55,5,10,1009,1442
2023-02-21 11:21:56,7,10,1009,1442
2023-02-21 11:22:17,6,10,1009,1442
2023-02-21 11:22:17,5,10,1009,1442
2023-02-21 11:22:17,7,10,1009,1442
2023-02-21 11:22:46,5,10,1009,1442
2023-02-21 11:22:47,6,10,1009,1442
2023-02-21 11:22:47,7,10,1009,1442
2023-02-21 11:23:15,6,10,1009,1442
2023-02-21 11:23:15,7,10,1009,1442
2023-02-21 11:24:01,6,10,1009,1442
2023-02-21 11:24:01,5,10,1009,1442
2023-02-21 11:24:01,7,10,1009,1442
2023-02-21 11:24:46,5,10,1009,1442
2023-02-21 11:24:46,6,10,1009,1442
2023-02-21 11:24:46,7,10,1009,1442
2023-02-21 11:25:09,6,10,1009,1442
2023-02-21 11:25:09,5,10,1009,1442
2023-02-21 11:25:10,7,10,1009,1442
2023-02-21 11:25:26,7,9,1009,1442
2023-02-21 11:25:30,7,10,1009,1442
2023-02-21 11:25:34,7,9,1009,1442
2023-02-21 11:25:34,7,10,1009,1442
2023-02-21 11:26:19,5,10,1009,1442
2023-02-21 11:26:19,6,10,1009,1442
2023-02-21 11:26:31,5,10,1009,1442
2023-02-21 11:26:31,6,10,1009,1442
2023-02-21 11:26:31,7,10,1009,1442
2023-02-21 11:27:18,6,10,1009,1442
2023-02-21 11:27:18,5,10,1009,1442
2023-02-21 11:27:18,7,10,1009,1442
2023-02-21 11:27:52,5,10,1009,1442
2023-02-21 11:27:53,6,10,1009,1442
2023-02-21 11:27:53,7,10,1009,1442
2023-02-21 11:28:19,6,10,1009,1442
2023-02-21 11:28:19,5,10,1009,1442
2023-02-21 11:28:19,7,10,1009,1442
2023-02-21 11:28:48,5,10,1009,1442
2023-02-21 11:28:48,6,10,1009,1442
2023-02-21 11:28:48,8,10,1009,1442
2023-02-21 11:29:02,8,11,1009,1442
2023-02-21 11:29:31,6,11,1009,1442
2023-02-21 11:29:31,7,11,1009,1442
2023-02-21 11:29:31,8,11,1009,1442
2023-02-21 11:29:50,6,11,1009,1442
2023-02-21 11:29:50,7,11,1009,1442
2023-02-21 11:29:50,8,11,1009,1442
2023-02-21 11:30:23,8,10,1009,1442
2023-02-21 11:30:30,8,11,1009,1442
2023-02-21 11:30:39,6,11,1009,1442
2023-02-21 11:30:39,5,11,1009,1442
2023-02-21 11:30:39,5,10,1009,1442
2023-02-21 11:30:39,7,10,1009,1442
2023-02-21 11:30:39,8,10,1009,1442
2023-02-21 11:30:43,8,11,1009,1442
2023-02-21 11:30:56,7,11,1009,1442
2023-02-21 11:30:56,5,11,1009,1442
2023-02-21 11:30:56,6,11,1009,1442
2023-02-21 11:30:56,7,11,1009,1442
2023-02-21 11:31:31,5,11,1009,1442
2023-02-21 11:31:31,6,11,1009,1442
2023-02-21 11:31:31,7,11,1009,1442
2023-02-21 11:31:31,8,11,1009,1442
2023-02-21 11:32:07,6,11,1009,1442
2023-02-21 11:32:08,7,11,1009,1442
2023-02-21 11:32:08,8,11,1009,1442
2023-02-21 11:32:10,8,12,1009,1442
2023-02-21 11:32:47,8,13,1348,1781
2023-02-21 11:32:48,9,13,1348,1781
2023-02-21 11:33:09,9,12,1348,1781
2023-02-21 11:33:14,10,12,1348,1781
2023-02-21 11:33:20,10,13,1348,1781
2023-02-21 11:33:27,10,12,1348,1781
2023-02-21 11:33:30,10,13,1348,1781
2023-02-21 11:33:35,10,12,1348,1781
2023-02-21 11:34:13,10,13,1348,1781
2023-02-21 11:34:17,10,12,1348,1781
2023-02-21 11:34:17,10,13,1348,1781
2023-02-21 11:34:30,9,13,1348,1781
2023-02-21 11:34:31,9,12,1348,1781
2023-02-21 11:34:32,9,13,1348,1781
2023-02-21 11:34:38,10,13,1348,1781
2023-02-21 11:34:40,10,12,1348,1781
2023-02-21 11:34:41,10,13,1348,1781
2023-02-21 11:34:45,10,12,1348,1781
2023-02-21 11:35:12,10,11,1348,1781
2023-02-21 11:35:14,9,11,1348,1781
2023-02-21 11:35:14,8,11,1348,1781
2023-02-21 11:35:15,9,11,1348,1781
2023-02-21 11:35:44,9,10,1348,1781
2023-02-21 11:35:57,8,10,1348,1781
2023-02-21 11:40:03,8,12,1348,1781
2023-02-21 11:40:06,8,11,1348,1781
2023-02-21 11:40:11,8,12,1348,1781
2023-02-21 11:40:58,9,12,1348,1781
2023-02-21 11:41:20,8,12,1348,1781
2023-02-21 11:41:20,9,12,1348,1781
2023-02-21 11:41:23,9,11,1348,1781
2023-02-21 11:41:50,9,10,1348,1781
2023-02-21 11:41:51,8,10,1348,1781
2023-02-21 11:42:24,8,9,1348,1781
2023-02-21 11:43:20,7,9,1348,1979
2023-02-21 11:43:49,6,9,1348,1979
2023-02-21 11:43:49,5,9,1348,1979
2023-02-21 11:43:50,6,9,1348,1979
2023-02-21 11:44:30,5,9,1348,1979
2023-02-21 11:44:30,6,9,1348,1979
2023-02-21 11:45:22,5,9,1348,1979
2023-02-21 11:45:23,6,9,1348,1979
2023-02-21 11:45:52,5,9,1348,1979
2023-02-21 11:45:53,6,9,1348,1979
2023-02-21 11:46:48,7,9,1348,1979
2023-02-21 11:47:21,6,9,1348,1979
2023-02-21 11:47:22,7,9,1348,1979
2023-02-21 11:47:41,6,9,1348,1979
2023-02-21 11:47:41,5,9,1348,1979
2023-02-21 11:47:42,6,9,1348,1979
2023-02-21 11:48:16,5,9,1348,1979
2023-02-21 11:48:16,6,9,1348,1979
2023-02-21 11:49:07,5,9,1348,1979
2023-02-21 11:49:07,6,9,1348,1979
2023-02-21 11:49:50,5,9,1348,1979
2023-02-21 11:49:50,6,9,1348,1979
2023-02-21 11:50:56,7,9,1348,1979
2023-02-21 11:51:19,7,10,1348,1979
2023-02-21 11:51:21,6,10,1348,1979
2023-02-21 11:51:21,7,10,1348,1979
2023-02-21 11:52:11,6,10,1348,1979
2023-02-21 11:52:12,8,10,1348,1979
2023-02-21 11:53:06,8,11,1348,1979
2023-02-21 11:54:06,7,11,1348,1979
2023-02-21 11:54:07,8,11,1348,1979
2023-02-21 11:54:28,7,11,1348,1979
2023-02-21 11:54:29,8,11,1348,1979
2023-02-21 11:55:04,7,11,1348,1979
2023-02-21 11:55:04,8,11,1348,1979
2023-02-21 11:55:21,7,11,1348,1979
2023-02-21 11:55:21,8,11,1348,1979
2023-02-21 11:56:25,9,11,1348,1979
2023-02-21 11:56:26,9,12,1348,1979
2023-02-21 11:56:31,8,12,1348,1979
2023-02-21 11:56:43,9,12,1348,1979
2023-02-21 11:56:44,9,11,1348,1979
2023-02-21 11:56:50,9,12,1348,1979
2023-02-21 11:57:12,9,11,1348,1979
2023-02-21 11:57:16,9,10,1348,1979
2023-02-21 11:57:19,7,10,1348,1979
2023-02-21 11:57:19,8,10,1348,1979
2023-02-21 11:57:19,9,10,1348,1979
2023-02-21 11:57:22,9,11,1348,1979
2023-02-21 11:57:27,9,10,1348,1979
2023-02-21 11:57:31,9,11,1348,1979
2023-02-21 11:57:36,9,10,1348,1979
2023-02-21 11:57:38,9,11,1348,1979
2023-02-21 11:57:51,9,10,1348,1979
2023-02-21 11:57:53,8,10,1348,1979
2023-02-21 11:57:53,6,10,1348,1979
2023-02-21 11:57:53,7,10,1348,1979
2023-02-21 11:58:10,8,10,1348,1979
2023-02-21 11:58:18,8,11,1348,1979
2023-02-21 11:58:41,7,11,1348,1979
2023-02-21 11:58:42,8,11,1348,1979
2023-02-21 11:58:49,8,12,1348,1979
2023-02-21 11:59:05,9,12,1348,1979
2023-02-21 11:59:29,9,11,1348,1979
2023-02-21 11:59:44,8,11,1348,1979
2023-02-21 11:59:44,8,12,1348,1979
2023-02-21 12:00:43,9,12,1348,1979
2023-02-21 12:00:46,8,12,1348,1979
2023-02-21 12:00:50,9,12,1348,1979
2023-02-21 12:00:59,9,11,1348,1979
2023-02-21 12:01:04,9,12,1348,1979
2023-02-21 12:01:05,9,11,1348,1979
2023-02-21 12:01:08,9,12,1348,1979
2023-02-21 12:01:09,9,11,1348,1979
2023-02-21 12:01:16,8,11,1348,1979
2023-02-21 12:01:16,8,12,1348,1979
2023-02-21 12:01:17,8,11,1348,1979
2023-02-21 12:02:23,8,12,1348,1979
2023-02-21 12:02:30,8,11,1348,1979
2023-02-21 12:02:31,8,12,1348,1979
2023-02-21 12:02:35,8,11,1348,1979
2023-02-21 12:02:36,8,12,1348,1979
2023-02-21 12:02:59,9,12,1348,1979
2023-02-21 12:03:28,8,12,1348,1979
2023-02-21 12:03:28,9,12,1348,1979
2023-02-21 12:03:37,9,11,1348,1979
2023-02-21 12:03:49,9,12,1348,1979
2023-02-21 12:03:51,9,11,1348,1979
2023-02-21 12:03:51,9,12,1348,1979
2023-02-21 12:03:54,9,11,1348,1979
2023-02-21 12:03:59,9,12,1348,1979
2023-02-21 12:04:00,8,12,1348,1979
2023-02-21 12:04:00,9,12,1348,1979
2023-02-21 12:04:00,9,11,1348,1979
2023-02-21 12:04:01,9,12,1348,1979
2023-02-21 12:04:39,8,12,1348,1979
2023-02-21 12:04:40,9,12,1348,1979
2023-02-21 12:04:42,9,11,1348,1979
2023-02-21 12:04:43,9,12,1348,1979
2023-02-21 12:04:47,9,11,1348,1979
2023-02-21 12:04:53,9,12,1348,1979
2023-02-21 12:05:03,9,11,1348,1979
2023-02-21 12:05:14,8,11,1348,1979
2023-02-21 12:05:23,8,10,1348,1979
2023-02-21 12:05:24,8,11,1348,1979
2023-02-21 12:05:28,8,10,1348,1979
2023-02-21 12:05:57,6,10,1348,1979
2023-02-21 12:05:57,7,10,1348,1979
2023-02-21 12:06:29,6,10,1348,1979
2023-02-21 12:06:30,7,10,1348,1979
2023-02-21 12:06:58,6,10,1348,1979
2023-02-21 12:06:59,7,10,1348,1979
2023-02-21 12:07:38,6,10,1348,1979
2023-02-21 12:07:38,7,10,1348,1979
2023-02-21 12:08:02,7,11,1348,1979
2023-02-21 12:08:45,8,11,1348,1979
2023-02-21 12:09:09,8,10,1348,1979
2023-02-21 12:09:20,8,11,1348,1979
2023-02-21 12:09:40,8,10,1348,1979
2023-02-21 12:09:42,8,11,1348,1979
2023-02-21 12:09:44,8,10,1348,1979
2023-02-21 12:09:46,8,11,1348,1979
2023-02-21 12:09:47,8,10,1348,1979
2023-02-21 12:09:48,7,10,1348,1979
2023-02-21 12:09:49,8,10,1348,1979
2023-02-21 12:10:06,8,11,1348,1979
2023-02-21 12:10:14,7,11,1348,1979
2023-02-21 12:10:17,7,10,1348,1979
2023-02-21 12:10:19,7,11,1348,1979
2023-02-21 12:10:36,7,10,1348,1979
2023-02-21 12:10:37,7,11,1348,1979
2023-02-21 12:10:38,7,10,1348,1979
2023-02-21 12:10:46,6,10,1348,1979
2023-02-21 12:10:46,7,10,1348,1979
2023-02-21 12:10:51,7,11,1348,1979
2023-02-21 12:11:41,8,11,1348,1979
2023-02-21 12:12:15,7,11,1348,1979
2023-02-21 12:12:16,7,10,1348,1979
2023-02-21 12:12:21,7,11,1348,1979
2023-02-21 12:12:58,8,11,1348,1979
2023-02-21 12:13:58,7,11,1348,1979
2023-02-21 12:13:58,8,11,1348,1979
2023-02-21 12:13:58,9,11,1348,1979
2023-02-21 12:14:24,8,11,1348,1979
2023-02-21 12:14:24,7,11,1348,1979
2023-02-21 12:14:24,8,11,1348,1979
2023-02-21 12:14:57,7,11,1348,1979
2023-02-21 12:14:57,8,11,1348,1979
2023-02-21 12:15:19,7,11,1348,1979
2023-02-21 12:15:19,8,11,1348,1979
2023-02-21 12:15:57,7,11,1348,1979
2023-02-21 12:15:57,8,11,1348,1979
2023-02-21 12:16:50,9,11,1348,1979
2023-02-21 12:17:17,8,11,1348,1979
2023-02-21 12:17:17,7,11,1348,1979
2023-02-21 12:17:17,8,11,1348,1979
2023-02-21 12:17:49,7,11,1348,1979
2023-02-21 12:17:49,8,11,1348,1979
2023-02-21 12:18:20,7,11,1348,1979
2023-02-21 12:18:20,8,11,1348,1979
2023-02-21 12:18:28,8,10,1348,1979
2023-02-21 12:18:43,8,11,1348,1979
2023-02-21 12:18:44,8,10,1348,1979
2023-02-21 12:18:54,7,10,1348,1979
2023-02-21 12:19:01,7,11,1348,1979
2023-02-21 12:19:09,7,10,1348,1979
2023-02-21 12:19:17,6,10,1348,1979
2023-02-21 12:19:17,7,10,1348,1979
2023-02-21 12:20:00,6,10,1348,1979
2023-02-21 12:20:00,7,10,1348,1979
2023-02-21 12:20:04,7,9,1348,1979
2023-02-21 12:20:26,6,9,1348,1979
2023-02-21 12:20:27,7,9,1348,1979
2023-02-21 12:21:12,6,9,1348,1979
2023-02-21 12:21:55,7,9,1348,1979
2023-02-21 12:21:55,8,9,1348,1979
2023-02-21 12:22:23,7,9,1348,1979
2023-02-21 12:22:23,6,9,1348,1979
2023-02-21 12:22:23,7,9,1348,1979
2023-02-21 12:23:00,6,9,1348,1979
2023-02-21 12:23:01,7,9,1348,1979
2023-02-21 12:23:01,8,9,1348,1979
2023-02-21 12:23:21,7,9,1348,1979
2023-02-21 12:23:21,8,9,1348,1979
2023-02-21 12:23:52,7,9,1348,1979
2023-02-21 12:23:52,8,9,1348,1979
2023-02-21 12:24:16,6,9,1348,1979
2023-02-21 12:24:16,7,9,1348,1979
2023-02-21 12:24:16,8,9,1348,1979
2023-02-21 12:24:46,6,9,1348,1979
2023-02-21 12:24:47,7,9,1348,1979
2023-02-21 12:24:47,8,9,1348,1979
2023-02-21 12:25:36,8,10,1348,1979
2023-02-21 12:25:54,7,10,1348,1979
2023-02-21 12:25:54,8,10,1348,1979
2023-02-21 12:26:24,7,10,1348,1979
2023-02-21 12:26:24,9,10,1348,1979
2023-02-21 12:26:44,9,11,1348,1979
2023-02-21 12:26:44,9,12,1348,1979
2023-02-21 12:26:55,8,12,1348,1979
2023-02-21 12:26:55,9,12,1348,1979
2023-02-21 12:27:28,9,11,1348,1979
2023-02-21 12:27:37,8,11,1348,1979
2023-02-21 12:27:37,7,11,1348,1979
2023-02-21 12:27:37,9,11,1348,1979
2023-02-21 12:27:58,8,11,1348,1979
2023-02-21 12:27:58,7,11,1348,1979
2023-02-21 12:27:59,9,11,1348,1979
2023-02-21 12:28:27,7,11,1348,1979
2023-02-21 12:28:28,8,11,1348,1979
2023-02-21 12:28:28,9,11,1348,1979
2023-02-21 12:28:34,9,12,1348,1979
2023-02-21 12:28:41,9,11,1348,1979
2023-02-21 12:29:09,7,11,1348,1979
2023-02-21 12:29:10,8,11,1348,1979
2023-02-21 12:29:10,9,11,1348,1979
2023-02-21 12:29:37,9,12,1348,1979
2023-02-21 12:29:47,8,12,1348,1979
2023-02-21 12:29:47,8,11,1348,1979
2023-02-21 12:29:47,9,11,1348,1979
2023-02-21 12:29:58,9,12,1348,1979
2023-02-21 12:30:05,9,11,1348,1979
2023-02-21 12:30:10,9,12,1348,1979
2023-02-21 12:30:23,8,12,1348,1979
2023-02-21 12:30:23,9,12,1348,1979
2023-02-21 12:30:30,9,11,1348,1979
2023-02-21 12:30:37,9,12,1348,1979
2023-02-21 12:30:38,9,11,1348,1979
2023-02-21 12:30:43,9,12,1348,1979
2023-02-21 12:30:57,8,12,1348,1979
2023-02-21 12:30:57,10,12,1348,1979
2023-02-21 12:31:29,10,11,1348,1979
2023-02-21 12:32:01,9,11,1348,1979
2023-02-21 12:32:25,8,11,1348,1979
2023-02-21 12:32:25,7,11,1348,1979
2023-02-21 12:32:25,9,11,1348,1979
2023-02-21 12:32:41,9,10,1348,1979
2023-02-21 12:32:50,8,10,1348,1979
2023-02-21 12:32:50,9,10,1348,1979
2023-02-21 12:32:52,9,11,1348,1979
2023-02-21 12:33:24,8,11,1348,1979
2023-02-21 12:33:24,9,11,1348,1979
2023-02-21 12:33:53,8,11,1348,1979
2023-02-21 12:33:53,9,11,1348,1979
2023-02-21 12:34:22,8,11,1348,1979
2023-02-21 12:34:23,9,11,1348,1979
2023-02-21 12:34:40,9,10,1348,1979
2023-02-21 12:34:54,8,10,1348,1979
2023-02-21 12:34:54,6,10,1348,1979
2023-02-21 12:34:54,9,10,1348,1979
2023-02-21 12:35:10,8,10,1230,2097
2023-02-21 12:35:16,7,10,1230,2097
2023-02-21 12:35:16,8,10,1230,2097
2023-02-21 12:35:40,7,10,1230,2097
2023-02-21 12:35:40,6,10,1230,2097
2023-02-21 12:35:40,8,10,1230,2097
2023-02-21 12:36:05,7,10,1230,2097
2023-02-21 12:36:05,8,10,1230,2097
2023-02-21 12:36:09,8,9,1230,2097
2023-02-21 12:36:49,7,9,1230,2097
2023-02-21 12:36:50,6,9,1230,2097
2023-02-21 12:36:50,7,9,1230,2097
2023-02-21 12:37:21,6,9,1230,2097
2023-02-21 12:37:21,7,9,1230,2097
2023-02-21 12:37:55,6,9,1230,2097
2023-02-21 12:37:56,7,9,1230,2097
2023-02-21 12:38:29,6,9,1230,2097
2023-02-21 12:38:29,8,9,1230,2097
2023-02-21 12:38:56,7,9,1230,2097
2023-02-21 12:38:56,8,9,1230,2097
2023-02-21 12:39:49,6,9,1230,2097
2023-02-21 12:39:49,7,9,1230,2097
2023-02-21 12:39:49,8,9,1230,2097
2023-02-21 12:40:13,7,9,1230,2097
2023-02-21 12:40:13,6,9,1230,2097
2023-02-21 12:40:13,7,9,1230,2097
2023-02-21 12:40:50,6,9,1230,2097
2023-02-21 12:40:51,7,9,1230,2097
2023-02-21 12:41:16,6,9,1230,2097
2023-02-21 12:41:16,7,9,1230,2097
2023-02-21 12:41:39,6,9,1230,2097
2023-02-21 12:41:39,7,9,1230,2097
2023-02-21 12:42:20,6,9,1230,2097
2023-02-21 12:42:20,7,9,1230,2097
2023-02-21 12:42:50,6,9,1230,2097
2023-02-21 12:42:50,8,9,1230,2097
2023-02-21 12:43:14,7,9,1230,2097
2023-02-21 12:43:14,8,9,1230,2097
2023-02-21 12:43:54,6,9,1230,2097
2023-02-21 12:43:54,7,9,1230,2097
2023-02-21 12:44:16,6,9,1230,2097
2023-02-21 12:44:16,7,9,1230,2097
2023-02-21 12:44:44,6,9,1230,2097
2023-02-21 12:44:44,7,9,1230,2097
2023-02-21 12:45:02,6,9,1230,2097
2023-02-21 12:45:02,7,9,1230,2097
2023-02-21 12:45:32,6,9,1230,2097
2023-02-21 12:45:32,7,9,1230,2097
2023-02-21 12:45:59,6,9,1230,2097
2023-02-21 12:45:59,7,9,1230,2097
2023-02-21 12:46:32,6,9,1230,2097
2023-02-21 12:46:32,7,9,1230,2097
2023-02-21 12:47:00,6,9,1230,2097
2023-02-21 12:47:01,8,9,1230,2097
2023-02-21 12:47:34,7,9,1230,2097
2023-02-21 12:47:34,6,9,1230,2097
2023-02-21 12:48:40,7,9,1230,2097
2023-02-21 12:49:05,6,9,1230,2097
2023-02-21 12:49:05,7,9,1230,2097
2023-02-21 12:49:48,6,9,1230,2097
2023-02-21 12:49:48,7,9,1230,2097
2023-02-21 12:49:58,7,8,1230,2097
2023-02-21 12:50:00,7,9,1230,2097
2023-02-21 12:50:15,7,8,1230,2097
2023-02-21 12:50:22,5,8,1230,2097
2023-02-21 12:50:22,6,8,1230,2097
2023-02-21 12:50:43,5,8,1230,2097
2023-02-21 12:50:43,4,8,1230,2097
2023-02-21 12:50:43,6,8,1230,2097
2023-02-21 12:51:07,4,8,1230,2097
2023-02-21 12:51:07,5,8,1230,2097
2023-02-21 12:51:07,6,8,1230,2097
2023-02-21 12:51:44,4,8,1230,2097
2023-02-21 12:51:44,5,8,1230,2097
2023-02-21 12:52:12,4,8,1230,2097
2023-02-21 12:52:13,5,8,1230,2097
2023-02-21 12:52:17,5,7,1230,2097
2023-02-21 12:52:55,4,7,1230,2097
2023-02-21 12:52:55,5,7,1230,2097
2023-02-21 12:53:01,5,7,693,2634
2023-02-21 12:53:13,4,7,693,2634
2023-02-21 12:53:13,5,7,693,2634
2023-02-21 12:53:52,4,7,693,2634
2023-02-21 12:53:52,5,7,693,2634
2023-02-21 12:54:06,4,7,693,2634
2023-02-21 12:54:06,5,7,693,2634
2023-02-21 12:54:50,4,7,693,2634
2023-02-21 12:54:50,5,7,693,2634
2023-02-21 12:55:19,4,7,693,2634
2023-02-21 12:55:19,5,7,693,2634
2023-02-21 12:55:46,4,7,693,2634
2023-02-21 12:55:47,5,7,693,2634
2023-02-21 12:55:47,6,7,693,2634
2023-02-21 12:55:58,5,7,693,2634
2023-02-21 12:55:58,4,7,693,2634
2023-02-21 12:55:58,5,7,693,2634
2023-02-21 12:56:38,4,7,693,2634
2023-02-21 12:56:38,5,7,693,2634
2023-02-21 12:56:58,4,7,693,2634
2023-02-21 12:56:58,5,7,693,2634
2023-02-21 12:57:37,4,7,693,2634
2023-02-21 12:57:38,5,7,693,2634
2023-02-21 12:58:07,4,7,693,2634
2023-02-21 12:58:07,5,7,693,2634
2023-02-21 12:58:43,4,7,693,2634
2023-02-21 12:58:43,5,7,693,2634
2023-02-21 12:59:11,4,7,693,2634
2023-02-21 12:59:11,5,7,693,2634
2023-02-21 12:59:55,4,7,693,2634
2023-02-21 12:59:55,5,7,693,2634
2023-02-21 13:00:27,4,7,693,2634
2023-02-21 13:00:27,5,7,693,2634
2023-02-21 13:00:46,5,6,693,2634
2023-02-21 13:00:47,5,7,693,2634
2023-02-21 13:01:06,5,6,693,2634
2023-02-21 13:01:07,5,7,693,2634
2023-02-21 13:01:15,3,7,693,2634
2023-02-21 13:01:16,4,7,693,2634
2023-02-21 13:01:16,5,7,693,2634
2023-02-21 13:02:13,4,7,693,2634
2023-02-21 13:02:13,3,7,693,2634
2023-02-21 13:02:14,5,7,693,2634
2023-02-21 13:02:55,4,7,693,2634
2023-02-21 13:02:55,5,7,693,2634
2023-02-21 13:03:18,4,7,693,2634
2023-02-21 13:03:18,5,7,693,2634
2023-02-21 13:04:00,4,7,693,2634
2023-02-21 13:04:00,3,7,693,2634
2023-02-21 13:04:01,5,7,693,2634
2023-02-21 13:04:27,4,7,693,2634
2023-02-21 13:04:28,5,7,693,2634
2023-02-21 13:04:49,5,6,693,2634
2023-02-21 13:04:57,4,6,693,2634
2023-02-21 13:04:57,5,6,693,2634
2023-02-21 13:05:03,5,7,693,2634
2023-02-21 13:05:12,5,6,693,2634
2023-02-21 13:05:14,5,7,693,2634
2023-02-21 13:05:15,3,7,693,2634
2023-02-21 13:05:15,4,7,693,2634
2023-02-21 13:05:15,5,7,693,2634
2023-02-21 13:05:43,4,7,693,2634
2023-02-21 13:05:44,5,7,693,2634
2023-02-21 13:06:16,4,7,693,2634
2023-02-21 13:06:16,3,7,693,2634
2023-02-21 13:06:17,5,7,693,2634
2023-02-21 13:06:38,4,7,693,2634
2023-02-21 13:06:38,5,7,693,2634
2023-02-21 13:07:08,3,7,693,2634
2023-02-21 13:07:09,4,7,693,2634
2023-02-21 13:07:09,5,7,693,2634
2023-02-21 13:07:49,3,7,693,2634
2023-02-21 13:07:49,4,7,693,2634
2023-02-21 13:07:49,5,7,693,2634
2023-02-21 13:08:22,4,7,693,2634
2023-02-21 13:08:22,5,7,693,2634
2023-02-21 13:08:52,4,7,693,2634
2023-02-21 13:08:52,6,7,693,2634
2023-02-21 13:09:19,4,7,693,2634
2023-02-21 13:09:19,5,7,693,2634
2023-02-21 13:09:55,4,7,693,2634
2023-02-21 13:09:55,5,7,693,2634
2023-02-21 13:10:17,4,7,693,2634
2023-02-21 13:10:18,5,7,693,2634
2023-02-21 13:10:18,6,7,693,2634
2023-02-21 13:10:49,5,7,693,2634
2023-02-21 13:10:49,4,7,693,2634
2023-02-21 13:10:49,6,7,693,2634
2023-02-21 13:11:08,6,8,693,2634
2023-02-21 13:11:19,5,8,693,2634
2023-02-21 13:11:19,4,8,693,2634
2023-02-21 13:11:19,6,8,693,2634
2023-02-21 13:12:02,5,8,693,2634
2023-02-21 13:12:02,7,8,693,2634
2023-02-21 13:12:26,5,8,693,2634
2023-02-21 13:12:26,6,8,693,2634
2023-02-21 13:12:44,5,8,693,2634
2023-02-21 13:12:44,4,8,693,2634
2023-02-21 13:12:45,6,8,693,2634
2023-02-21 13:13:27,4,8,693,2634
2023-02-21 13:13:28,7,8,693,2634
2023-02-21 13:14:02,6,8,693,2634
2023-02-21 13:14:03,4,8,693,2634
2023-02-21 13:14:03,7,8,693,2634
2023-02-21 13:14:23,6,8,693,2634
2023-02-21 13:14:23,7,8,693,2634
2023-02-21 13:14:47,6,8,693,2634
2023-02-21 13:14:47,7,8,693,2634
2023-02-21 13:15:12,6,8,693,2634
2023-02-21 13:15:12,5,8,693,2634
2023-02-21 13:15:13,7,8,693,2634
2023-02-21 13:15:43,6,8,693,2634
2023-02-21 13:15:43,5,8,693,2634
2023-02-21 13:15:43,7,8,693,2634
2023-02-21 13:16:07,6,8,693,2634
2023-02-21 13:16:07,5,8,693,2634
2023-02-21 13:16:07,4,8,693,2634
2023-02-21 13:16:07,6,8,693,2634
2023-02-21 13:16:33,5,8,693,2634
2023-02-21 13:16:33,7,8,693,2634
2023-02-21 13:16:57,6,8,693,2634
2023-02-21 13:16:57,7,8,693,2634
2023-02-21 13:17:37,5,8,693,2634
2023-02-21 13:17:37,6,8,693,2634
2023-02-21 13:17:37,7,8,693,2634
2023-02-21 13:18:07,6,8,693,2634
2023-02-21 13:18:07,5,8,693,2634
2023-02-21 13:18:07,7,8,693,2634
2023-02-21 13:18:45,5,8,693,2634
2023-02-21 13:18:46,6,8,693,2634
2023-02-21 13:18:46,7,8,693,2634
2023-02-21 13:19:12,6,8,693,2634
2023-02-21 13:19:12,7,8,693,2634
2023-02-21 13:19:44,6,8,693,2634
2023-02-21 13:19:44,5,8,693,2634
2023-02-21 13:19:44,7,8,693,2634
2023-02-21 13:20:02,6,8,693,2634
2023-02-21 13:20:02,5,8,693,2634
2023-02-21 13:20:03,7,8,693,2634
2023-02-21 13:20:44,6,8,693,2634
2023-02-21 13:20:44,7,8,693,2634
2023-02-21 13:21:24,5,8,693,2634
2023-02-21 13:21:24,6,8,693,2634
2023-02-21 13:21:41,4,8,693,2634
2023-02-21 13:21:41,5,8,693,2634
2023-02-21 13:21:41,6,8,693,2634
2023-02-21 13:22:41,4,8,693,2634
2023-02-21 13:22:41,5,8,693,2634
2023-02-21 13:22:41,6,8,693,2634
2023-02-21 13:23:03,5,8,693,2634
2023-02-21 13:23:03,4,8,693,2634
2023-02-21 13:23:04,6,8,693,2634
2023-02-21 13:23:38,5,8,693,2634
2023-02-21 13:23:39,6,8,693,2634
2023-02-21 13:23:54,5,8,693,2634
2023-02-21 13:23:54,6,8,693,2634
2023-02-21 13:24:00,5,8,693,2634
2023-02-21 13:24:01,4,8,693,2634
2023-02-21 13:24:01,6,8,693,2634
2023-02-21 13:24:33,5,8,693,2634
2023-02-21 13:24:33,6,8,693,2634
2023-02-21 13:25:02,4,8,693,2634
2023-02-21 13:25:03,5,8,693,2634
2023-02-21 13:25:03,6,8,693,2634
2023-02-21 13:25:38,5,8,693,2634
2023-02-21 13:25:38,6,8,693,2634
2023-02-21 13:26:02,4,8,693,2634
2023-02-21 13:26:02,5,8,693,2634
2023-02-21 13:26:02,6,8,693,2634
2023-02-21 13:26:34,5,8,693,2634
2023-02-21 13:26:35,6,8,693,2634
2023-02-21 13:26:35,7,8,693,2634
2023-02-21 13:27:03,5,8,693,2634
2023-02-21 13:27:03,6,8,693,2634
2023-02-21 13:27:03,7,8,693,2634
2023-02-21 13:27:21,7,10,693,2634
2023-02-21 13:27:39,6,10,693,2634
2023-02-21 13:27:39,7,10,693,2634
2023-02-21 13:27:39,8,10,693,2634
2023-02-21 13:27:54,8,9,693,2634
2023-02-21 13:28:04,7,9,693,2634
2023-02-21 13:28:04,8,9,693,2634
2023-02-21 13:28:05,8,10,693,2634
2023-02-21 13:28:10,8,9,693,2634
2023-02-21 13:28:15,8,10,693,2634
2023-02-21 13:28:29,8,9,693,2634
2023-02-21 13:28:40,7,9,693,2634
2023-02-21 13:28:41,8,9,693,2634
2023-02-21 13:28:50,8,10,693,2634
2023-02-21 13:28:54,8,9,693,2634
2023-02-21 13:28:57,8,10,693,2634
2023-02-21 13:29:02,7,10,693,2634
2023-02-21 13:29:02,6,10,693,2634
2023-02-21 13:29:02,8,10,693,2634
2023-02-21 13:29:17,8,9,693,2634
2023-02-21 13:29:32,8,10,693,2634
2023-02-21 13:29:34,8,9,693,2634
2023-02-21 13:29:35,7,9,693,2634
2023-02-21 13:29:35,8,9,693,2634
2023-02-21 13:29:59,8,9,693,2684
2023-02-21 13:30:05,7,9,693,2684
2023-02-21 13:30:05,6,9,693,2684
2023-02-21 13:30:05,5,9,693,2684
2023-02-21 13:30:05,7,9,693,2684
2023-02-21 13:30:43,6,9,693,2684
2023-02-21 13:30:43,5,9,693,2684
2023-02-21 13:30:44,7,9,693,2684
2023-02-21 13:31:15,6,9,693,2684
2023-02-21 13:31:15,7,9,693,2684
2023-02-21 13:31:39,6,9,693,2684
2023-02-21 13:31:39,5,9,693,2684
2023-02-21 13:31:40,7,9,693,2684
2023-02-21 13:32:05,5,9,693,2684
2023-02-21 13:32:06,6,9,693,2684
2023-02-21 13:32:06,7,9,693,2684
2023-02-21 13:32:29,7,10,693,2684
2023-02-21 13:32:37,6,10,693,2684
2023-02-21 13:32:37,6,11,693,2684
2023-02-21 13:32:37,7,11,693,2684
2023-02-21 13:32:37,8,11,693,2684
2023-02-21 13:33:07,8,9,693,2684
2023-02-21 13:33:16,7,9,693,2684
2023-02-21 13:33:16,8,9,693,2684
2023-02-21 13:33:37,8,11,693,2684
2023-02-21 13:33:47,7,11,693,2684
2023-02-21 13:33:47,6,11,693,2684
2023-02-21 13:33:47,7,11,693,2684
2023-02-21 13:34:09,6,11,693,2684
2023-02-21 13:34:09,8,11,693,2684
2023-02-21 13:34:34,7,11,693,2684
2023-02-21 13:34:34,8,11,693,2684
2023-02-21 13:35:07,6,11,693,2684
2023-02-21 13:35:07,7,11,693,2684
2023-02-21 13:35:07,8,11,693,2684
2023-02-21 13:35:29,8,9,693,2684
2023-02-21 13:35:39,7,9,693,2684
2023-02-21 13:35:39,6,9,693,2684
2023-02-21 13:35:39,8,9,693,2684
2023-02-21 13:35:40,8,11,693,2684
2023-02-21 13:35:41,8,9,693,2684
2023-02-21 13:35:42,8,11,693,2684
2023-02-21 13:35:48,8,9,693,2684
2023-02-21 13:35:59,8,11,693,2684
2023-02-21 13:36:09,7,11,693,2684
2023-02-21 13:36:10,8,11,693,2684
2023-02-21 13:36:15,8,9,693,2684
2023-02-21 13:36:33,7,9,693,2684
2023-02-21 13:36:33,6,9,693,2684
2023-02-21 13:36:33,7,9,693,2684
2023-02-21 13:37:04,6,9,693,2684
2023-02-21 13:37:04,7,9,693,2684
2023-02-21 13:37:05,7,11,693,2684
2023-02-21 13:37:09,7,9,693,2684
2023-02-21 13:37:14,7,11,693,2684
2023-02-21 13:37:18,7,9,693,2684
2023-02-21 13:38:04,6,9,693,2684
2023-02-21 13:38:05,7,9,693,2684
2023-02-21 13:38:51,6,9,693,2684
2023-02-21 13:38:52,7,9,693,2684
2023-02-21 13:39:30,6,9,693,2684
2023-02-21 13:39:30,7,9,693,2684
2023-02-21 13:39:33,7,11,693,2684
2023-02-21 13:39:40,6,11,693,2684
2023-02-21 13:39:40,7,11,693,2684
2023-02-21 13:39:43,7,9,693,2684
2023-02-21 13:39:51,7,11,693,2684
2023-02-21 13:40:14,6,11,693,2684
2023-02-21 13:40:14,8,11,693,2684
2023-02-21 13:40:55,8,9,693,2684
2023-02-21 13:40:57,6,9,693,2684
2023-02-21 13:40:57,7,9,693,2684
2023-02-21 13:40:57,8,9,693,2684
2023-02-21 13:41:18,7,9,693,2684
2023-02-21 13:41:18,8,9,693,2684
2023-02-21 13:41:25,8,11,693,2684
2023-02-21 13:41:26,8,9,693,2684
2023-02-21 13:41:50,6,9,693,2684
2023-02-21 13:41:51,7,9,693,2684
2023-02-21 13:42:15,6,9,693,2684
2023-02-21 13:42:15,7,9,693,2684
2023-02-21 13:42:57,6,9,693,2684
2023-02-21 13:42:57,4,9,693,2684
2023-02-21 13:42:57,5,9,693,2684
2023-02-21 13:42:57,7,9,693,2684
2023-02-21 13:43:15,6,9,693,2684
2023-02-21 13:43:15,7,9,693,2684
2023-02-21 13:43:40,6,9,693,2684
2023-02-21 13:43:40,5,9,693,2684
2023-02-21 13:43:40,7,9,693,2684
2023-02-21 13:44:36,6,9,693,2684
2023-02-21 13:44:36,7,9,693,2684
2023-02-21 13:45:40,6,9,693,2684
2023-02-21 13:45:41,7,9,693,2684
2023-02-21 13:46:06,5,9,693,2684
2023-02-21 13:46:06,4,9,693,2684
2023-02-21 13:46:06,6,9,693,2684
2023-02-21 13:46:43,5,9,693,2684
2023-02-21 13:46:43,4,9,693,2684
2023-02-21 13:46:44,6,9,693,2684
2023-02-21 13:47:06,5,9,693,2684
2023-02-21 13:47:06,6,9,693,2684
2023-02-21 13:47:26,6,7,693,2684
2023-02-21 13:47:38,5,7,693,2684
2023-02-21 13:47:38,4,7,693,2684
2023-02-21 13:47:38,5,7,693,2684
2023-02-21 13:48:09,4,7,693,2684
2023-02-21 13:48:09,5,7,693,2684
2023-02-21 13:48:31,4,7,693,2684
2023-02-21 13:48:32,5,7,693,2684
2023-02-21 13:48:43,5,8,693,2684
2023-02-21 13:48:44,5,7,693,2684
2023-02-21 13:49:03,4,7,693,2684
2023-02-21 13:49:04,5,7,693,2684
2023-02-21 13:49:12,5,8,693,2684
2023-02-21 13:49:43,4,8,693,2684
2023-02-21 13:49:43,4,9,693,2684
2023-02-21 13:49:43,5,9,693,2684
2023-02-21 13:49:43,6,9,693,2684
2023-02-21 13:50:11,5,9,693,2684
2023-02-21 13:50:11,4,9,693,2684
2023-02-21 13:50:11,6,9,693,2684
2023-02-21 13:50:48,5,9,693,2684
2023-02-21 13:50:48,6,9,693,2684
2023-02-21 13:51:05,5,9,693,2684
2023-02-21 13:51:05,7,9,693,2684
2023-02-21 13:51:55,5,9,693,2684
2023-02-21 13:51:55,6,9,693,2684
2023-02-21 13:52:17,5,9,693,2684
2023-02-21 13:52:18,6,9,693,2684
2023-02-21 13:52:50,4,9,693,2684
2023-02-21 13:52:50,7,9,693,2684
2023-02-21 13:53:23,6,9,693,2684
2023-02-21 13:53:49,5,9,693,2684
2023-02-21 13:53:49,7,9,693,2684
2023-02-21 13:54:21,6,9,693,2684
2023-02-21 13:54:21,7,9,693,2684
2023-02-21 13:54:56,6,9,693,2684
2023-02-21 13:54:57,7,9,693,2684
2023-02-21 13:55:25,5,9,693,2684
2023-02-21 13:55:25,6,9,693,2684
2023-02-21 13:55:44,5,9,693,2684
2023-02-21 13:55:44,6,9,693,2684
2023-02-21 13:56:06,5,9,693,2684
2023-02-21 13:56:06,7,9,693,2684
2023-02-21 13:56:43,6,9,693,2684
2023-02-21 13:56:43,7,9,693,2684
2023-02-21 13:57:05,6,9,693,2684
2023-02-21 13:57:05,7,9,693,2684
2023-02-21 13:57:43,5,9,693,2684
2023-02-21 13:57:44,6,9,693,2684
2023-02-21 13:57:44,7,9,693,2684
2023-02-21 13:58:08,6,9,693,2684
2023-02-21 13:58:08,7,9,693,2684
2023-02-21 13:58:49,6,9,693,2684
2023-02-21 13:58:49,5,9,693,2684
2023-02-21 13:58:50,7,9,693,2684
2023-02-21 13:59:01,6,9,693,2684
2023-02-21 13:59:02,7,9,693,2684
2023-02-21 13:59:37,6,9,693,2684
2023-02-21 13:59:37,7,9,693,2684
2023-02-21 14:00:09,6,9,693,2684
2023-02-21 14:00:09,5,9,693,2684
2023-02-21 14:00:10,6,9,693,2684
2023-02-21 14:00:46,5,9,693,2684
2023-02-21 14:00:46,7,9,693,2684
2023-02-21 14:00:52,7,10,693,2684
2023-02-21 14:00:59,7,9,693,2684
2023-02-21 14:01:09,6,9,693,2684
2023-02-21 14:01:10,7,9,693,2684
2023-02-21 14:01:40,7,11,693,2684
2023-02-21 14:01:45,7,9,693,2684
2023-02-21 14:01:50,6,9,693,2684
2023-02-21 14:01:50,7,9,693,2684
2023-02-21 14:01:56,7,10,693,2684
2023-02-21 14:02:01,7,9,693,2684
2023-02-21 14:02:17,6,9,693,2684
2023-02-21 14:02:18,7,9,693,2684
2023-02-21 14:02:39,6,9,693,2684
2023-02-21 14:02:39,8,9,693,2684
2023-02-21 14:03:10,6,9,693,2684
2023-02-21 14:03:11,7,9,693,2684
2023-02-21 14:03:29,7,11,693,2684
2023-02-21 14:03:54,6,11,693,2684
2023-02-21 14:03:55,7,11,693,2684
2023-02-21 14:03:55,8,11,693,2684
2023-02-21 14:04:06,8,9,693,2684
2023-02-21 14:04:10,7,9,693,2684
2023-02-21 14:04:10,6,9,693,2684
2023-02-21 14:04:10,8,9,693,2684
2023-02-21 14:04:40,7,9,693,2684
2023-02-21 14:04:40,5,9,693,2684
2023-02-21 14:04:41,6,9,693,2684
2023-02-21 14:04:41,7,9,693,2684
2023-02-21 14:05:06,6,9,693,2684
2023-02-21 14:05:07,7,9,693,2684
2023-02-21 14:05:35,6,9,693,2684
2023-02-21 14:05:35,5,9,693,2684
2023-02-21 14:05:35,7,9,693,2684
2023-02-21 14:05:52,9,11,693,2694
2023-02-21 14:07:15,9,10,693,2694
2023-02-21 14:07:35,9,11,693,2694
2023-02-21 14:08:34,9,12,693,2694
2023-02-21 14:12:24,9,13,693,2694
2023-02-21 14:12:24,9,12,693,2694
2023-02-21 14:13:54,9,11,693,2694
2023-02-21 14:15:31,9,12,693,2694
2023-02-21 14:15:42,9,11,693,2694
2023-02-21 14:16:11,9,12,693,2694
2023-02-21 14:17:52,9,13,693,2694
2023-02-21 14:19:48,9,14,693,2694
2023-02-21 14:19:49,10,14,693,2694
2023-02-21 14:20:26,9,14,693,2694
2023-02-21 14:20:26,10,14,693,2694
2023-02-21 14:20:45,9,14,693,2694
2023-02-21 14:20:46,10,14,693,2694
2023-02-21 14:21:50,9,14,693,2694
2023-02-21 14:21:50,10,14,693,2694
2023-02-21 14:22:14,9,14,693,2694
2023-02-21 14:22:50,10,14,693,2694
2023-02-21 14:23:13,9,14,693,2694
2023-02-21 14:23:13,10,14,693,2694
2023-02-21 14:23:56,9,14,693,2694
2023-02-21 14:23:57,10,14,693,2694
2023-02-21 14:24:35,9,14,693,2694
2023-02-21 14:24:39,9,13,693,2694
2023-02-21 14:25:57,9,12,693,2694
2023-02-21 14:27:02,9,11,693,2694
2023-02-21 14:27:41,8,11,678,2709
2023-02-21 14:27:42,5,11,678,2709
2023-02-21 14:27:42,7,11,678,2709
2023-02-21 14:27:42,7,10,678,2709
2023-02-21 14:28:12,6,10,678,2709
2023-02-21 14:28:12,5,10,678,2709
2023-02-21 14:28:12,6,10,678,2709
2023-02-21 14:28:43,5,10,678,2709
2023-02-21 14:28:43,6,10,678,2709
2023-02-21 14:29:14,5,10,678,2709
2023-02-21 14:29:14,5,11,678,2709
2023-02-21 14:29:14,6,11,678,2709
2023-02-21 14:29:14,7,11,678,2709
2023-02-21 14:29:14,7,10,678,2709
2023-02-21 14:29:37,5,10,678,2709
2023-02-21 14:29:37,5,11,678,2709
2023-02-21 14:29:37,6,11,678,2709
2023-02-21 14:29:37,7,11,678,2709
2023-02-21 14:30:24,6,11,678,2709
2023-02-21 14:30:24,5,11,678,2709
2023-02-21 14:30:24,7,11,678,2709
2023-02-21 14:30:24,7,10,678,2709
2023-02-21 14:30:48,6,10,678,2709
2023-02-21 14:30:48,5,10,678,2709
2023-02-21 14:30:48,5,11,678,2709
2023-02-21 14:30:48,7,11,678,2709
2023-02-21 14:31:15,6,11,678,2709
2023-02-21 14:31:15,8,11,678,2709
2023-02-21 14:31:50,7,11,678,2709
2023-02-21 14:31:50,4,11,678,2709
2023-02-21 14:31:50,5,11,678,2709
2023-02-21 14:31:50,6,11,678,2709
2023-02-21 14:31:50,7,11,678,2709
2023-02-21 14:31:50,7,9,678,2709
2023-02-21 14:32:07,3,9,678,2709
2023-02-21 14:32:08,4,9,678,2709
2023-02-21 14:32:08,4,8,678,2709
2023-02-21 14:32:08,4,7,678,2709
2023-02-21 14:32:23,4,6,678,2709
2023-02-21 14:32:37,3,6,678,2709
2023-02-21 14:32:37,3,5,678,2709
2023-02-21 14:32:45,4,5,678,2709
2023-02-21 14:33:05,4,8,678,2709
2023-02-21 14:33:05,5,8,678,2709
2023-02-21 14:33:55,4,8,678,2709
2023-02-21 14:33:56,3,8,678,2709
2023-02-21 14:33:56,3,9,678,2709
2023-02-21 14:33:56,5,9,678,2709
2023-02-21 14:33:56,5,7,678,2709
2023-02-21 14:34:09,3,7,678,2709
2023-02-21 14:34:09,3,9,678,2709
2023-02-21 14:34:09,4,9,678,2709
2023-02-21 14:34:09,5,9,678,2709
2023-02-21 14:34:09,5,8,678,2709
2023-02-21 14:34:38,5,8,678,2759
2023-02-21 14:34:39,5,8,678,2789
2023-02-21 14:34:43,4,8,678,2789
2023-02-21 14:34:43,4,9,678,2789
2023-02-21 14:34:44,5,9,678,2789
2023-02-21 14:34:44,5,8,678,2789
2023-02-21 14:35:07,4,8,678,2789
2023-02-21 14:35:07,3,8,678,2789
2023-02-21 14:35:07,3,9,678,2789
2023-02-21 14:35:07,4,9,678,2789
2023-02-21 14:35:07,4,7,678,2789
2023-02-21 14:35:39,3,7,678,2789
2023-02-21 14:35:39,3,8,678,2789
2023-02-21 14:35:39,4,8,678,2789
2023-02-21 14:35:39,4,7,678,2789
2023-02-21 14:36:05,3,7,678,2789
2023-02-21 14:36:05,3,8,678,2789
2023-02-21 14:36:05,4,8,678,2789
2023-02-21 14:36:05,4,6,678,2789
2023-02-21 14:36:41,3,6,678,2789
2023-02-21 14:36:41,3,7,678,2789
2023-02-21 14:36:41,3,9,678,2789
2023-02-21 14:36:41,4,9,678,2789
2023-02-21 14:36:41,5,9,678,2789
2023-02-21 14:36:41,5,8,678,2789
2023-02-21 14:37:12,4,8,678,2789
2023-02-21 14:37:12,3,8,678,2789
2023-02-21 14:37:12,3,9,678,2789
2023-02-21 14:37:13,5,9,678,2789
2023-02-21 14:37:13,5,8,678,2789
2023-02-21 14:37:33,4,8,678,2789
2023-02-21 14:37:33,4,9,678,2789
2023-02-21 14:37:34,5,9,678,2789
2023-02-21 14:37:34,5,8,678,2789
2023-02-21 14:37:48,3,8,678,2789
2023-02-21 14:37:48,3,9,678,2789
2023-02-21 14:37:48,4,9,678,2789
2023-02-21 14:37:48,5,9,678,2789
2023-02-21 14:37:48,5,7,678,2789
2023-02-21 14:38:12,3,7,678,2789
2023-02-21 14:38:12,3,8,678,2789
2023-02-21 14:38:12,3,9,678,2789
2023-02-21 14:38:12,4,9,678,2789
2023-02-21 14:38:12,4,7,678,2789
2023-02-21 14:38:27,3,7,678,2789
2023-02-21 14:38:27,3,8,678,2789
2023-02-21 14:38:27,4,8,678,2789
2023-02-21 14:38:27,4,7,678,2789
2023-02-21 14:38:39,3,7,678,2789
2023-02-21 14:38:39,3,8,678,2789
2023-02-21 14:38:39,4,8,678,2789
2023-02-21 14:38:39,4,7,678,2789
2023-02-21 14:39:14,3,7,678,2789
2023-02-21 14:39:14,3,8,678,2789
2023-02-21 14:39:14,4,8,678,2789
2023-02-21 14:39:14,4,7,678,2789
2023-02-21 14:39:43,3,7,678,2789
2023-02-21 14:39:43,3,8,678,2789
2023-02-21 14:39:43,3,9,678,2789
2023-02-21 14:39:43,4,9,678,2789
2023-02-21 14:39:43,4,7,678,2789
2023-02-21 14:40:16,3,7,678,2789
2023-02-21 14:40:16,3,8,678,2789
2023-02-21 14:40:16,3,9,678,2789
2023-02-21 14:40:16,4,9,678,2789
2023-02-21 14:40:16,4,7,678,2789
2023-02-21 14:40:46,4,7,678,2809
2023-02-21 14:40:46,3,7,678,2809
2023-02-21 14:40:46,3,8,678,2809
2023-02-21 14:40:47,4,8,678,2809
2023-02-21 14:40:47,4,7,678,2809
2023-02-21 14:41:13,3,7,678,2809
2023-02-21 14:41:13,3,8,678,2809
2023-02-21 14:41:13,4,8,678,2809
2023-02-21 14:41:13,4,7,678,2809
2023-02-21 14:41:25,3,7,678,2809
2023-02-21 14:41:25,3,8,678,2809
2023-02-21 14:41:25,4,8,678,2809
2023-02-21 14:41:25,4,7,678,2809
2023-02-21 14:41:53,3,7,678,2809
2023-02-21 14:41:53,3,8,678,2809
2023-02-21 14:41:53,3,9,678,2809
2023-02-21 14:41:53,4,9,678,2809
2023-02-21 14:41:53,5,9,678,2809
2023-02-21 14:42:07,4,9,678,2809
2023-02-21 14:42:07,5,9,678,2809
2023-02-21 14:42:41,4,9,678,2809
2023-02-21 14:42:41,5,9,678,2809
2023-02-21 14:42:57,4,9,678,2809
2023-02-21 14:42:57,3,9,678,2809
2023-02-21 14:42:57,4,9,678,2809
2023-02-21 14:42:57,4,7,678,2809
2023-02-21 14:43:09,2,7,678,2809
2023-02-21 14:43:10,2,9,678,2809
2023-02-21 14:43:10,3,9,678,2809
2023-02-21 14:43:10,3,8,678,2809
2023-02-21 14:43:10,3,6,678,2809
2023-02-21 14:43:35,2,6,678,2809
2023-02-21 14:43:35,2,7,678,2809
2023-02-21 14:43:35,2,9,678,2809
2023-02-21 14:43:36,3,9,678,2809
2023-02-21 14:43:36,3,6,678,2809
2023-02-21 14:43:36,3,5,678,2809
2023-02-21 14:44:11,2,5,678,2809
2023-02-21 14:44:11,2,7,678,2809
2023-02-21 14:44:11,3,7,678,2809
2023-02-21 14:44:11,3,6,678,2809
2023-02-21 14:44:53,2,6,678,2809
2023-02-21 14:44:53,2,9,678,2809
2023-02-21 14:44:53,3,9,678,2809
2023-02-21 14:44:53,3,8,678,2809
2023-02-21 14:44:53,3,7,678,2809
2023-02-21 14:44:53,3,6,678,2809
2023-02-21 14:45:27,2,6,678,2809
2023-02-21 14:45:27,2,7,678,2809
2023-02-21 14:45:28,3,7,678,2809
2023-02-21 14:45:28,3,6,678,2809
2023-02-21 14:45:28,3,5,678,2809
2023-02-21 14:45:42,2,5,678,2809
2023-02-21 14:45:42,2,6,678,2809
2023-02-21 14:45:43,2,5,678,2809
2023-02-21 14:46:07,2,6,678,2809
2023-02-21 14:46:07,2,5,678,2809
2023-02-21 14:46:07,2,4,678,2809
2023-02-21 14:46:39,1,4,678,2809
2023-02-21 14:46:39,1,5,678,2809
2023-02-21 14:46:39,2,5,678,2809
2023-02-21 14:46:39,2,4,678,2809
2023-02-21 14:47:00,1,4,678,2809
2023-02-21 14:47:00,1,5,678,2809
2023-02-21 14:47:00,1,6,678,2809
2023-02-21 14:47:00,1,7,678,2809
2023-02-21 14:48:41,2,7,678,2809
2023-02-21 14:48:41,3,7,678,2809
2023-02-21 14:48:41,3,5,678,2809
2023-02-21 14:49:00,2,5,678,2809
2023-02-21 14:49:00,3,5,678,2809
2023-02-21 14:49:30,2,5,678,2809
2023-02-21 14:49:30,1,5,678,2809
2023-02-21 14:49:30,1,6,678,2809
2023-02-21 14:49:31,2,6,678,2809
2023-02-21 14:49:31,2,5,678,2809
2023-02-21 14:49:31,2,4,678,2809
2023-02-21 14:49:59,1,4,678,2809
2023-02-21 14:49:59,1,5,678,2809
2023-02-21 14:49:59,2,5,678,2809
2023-02-21 14:49:59,2,4,678,2809
2023-02-21 14:50:37,1,4,678,2809
2023-02-21 14:50:37,1,9,678,2809
2023-02-21 14:50:38,2,9,678,2809
2023-02-21 14:50:38,3,9,678,2809
2023-02-21 14:50:38,3,5,678,2809
2023-02-21 14:50:51,2,5,678,2809
2023-02-21 14:50:51,2,6,678,2809
2023-02-21 14:50:51,3,6,678,2809
2023-02-21 14:50:51,3,5,678,2809
2023-02-21 14:51:12,1,5,678,2809
2023-02-21 14:51:12,1,6,678,2809
2023-02-21 14:51:12,2,6,678,2809
2023-02-21 14:51:12,3,6,678,2809
2023-02-21 14:51:12,3,5,678,2809
2023-02-21 14:51:49,1,5,678,2809
2023-02-21 14:51:49,1,6,678,2809
2023-02-21 14:51:49,1,7,678,2809
2023-02-21 14:51:49,2,7,678,2809
2023-02-21 14:51:49,3,7,678,2809
2023-02-21 14:51:50,3,6,678,2809
2023-02-21 14:51:55,2,6,678,2809
2023-02-21 14:51:56,1,6,678,2809
2023-02-21 14:51:56,1,9,678,2809
2023-02-21 14:51:56,3,9,678,2809
2023-02-21 14:51:56,3,7,678,2809
2023-02-21 14:51:56,3,6,678,2809
2023-02-21 14:51:56,3,5,678,2809
2023-02-21 14:52:35,1,5,678,2809
2023-02-21 14:52:35,1,7,678,2809
2023-02-21 14:52:36,2,7,678,2809
2023-02-21 14:52:36,3,7,678,2809
2023-02-21 14:52:36,3,6,678,2809
2023-02-21 14:53:02,3,7,678,2809
2023-02-21 14:53:02,3,6,678,2809
2023-02-21 14:53:45,2,6,678,2809
2023-02-21 14:53:45,2,7,678,2809
2023-02-21 14:53:45,2,9,678,2809
2023-02-21 14:53:46,3,9,678,2809
2023-02-21 14:53:46,3,5,678,2809
2023-02-21 14:54:02,1,5,678,2809
2023-02-21 14:54:02,1,6,678,2809
2023-02-21 14:54:03,2,6,678,2809
2023-02-21 14:54:03,3,6,678,2809
2023-02-21 14:54:03,3,5,678,2809
2023-02-21 14:54:30,2,5,678,2809
2023-02-21 14:54:31,1,5,678,2809
2023-02-21 14:54:31,1,7,678,2809
2023-02-21 14:54:31,3,7,678,2809
2023-02-21 14:54:31,3,6,678,2809
2023-02-21 14:55:04,2,6,678,2809
2023-02-21 14:55:04,2,7,678,2809
2023-02-21 14:55:04,3,7,678,2809
2023-02-21 14:55:04,3,6,678,2809
2023-02-21 14:55:04,3,5,678,2809
2023-02-21 14:55:33,2,5,678,2809
2023-02-21 14:55:33,1,5,678,2809
2023-02-21 14:55:33,1,6,678,2809
2023-02-21 14:55:33,1,9,678,2809
2023-02-21 14:55:33,2,9,678,2809
2023-02-21 14:55:33,2,7,678,2809
2023-02-21 14:55:33,2,5,678,2809
2023-02-21 14:55:57,1,5,678,2809
2023-02-21 14:55:57,1,6,678,2809
2023-02-21 14:55:57,2,6,678,2809
2023-02-21 14:55:57,3,6,678,2809
2023-02-21 14:55:57,3,5,678,2809
2023-02-21 14:56:22,1,5,678,2809
2023-02-21 14:56:22,1,6,678,2809
2023-02-21 14:56:22,2,6,678,2809
2023-02-21 14:56:22,2,5,678,2809
2023-02-21 14:56:41,1,5,678,2809
2023-02-21 14:56:41,1,9,678,2809
2023-02-21 14:56:43,2,9,678,2809
2023-02-21 14:56:43,3,9,678,2809
2023-02-21 14:56:43,3,6,678,2809
2023-02-21 14:57:02,2,6,678,2809
2023-02-21 14:57:02,2,7,678,2809
2023-02-21 14:57:02,3,7,678,2809
2023-02-21 14:57:02,3,6,678,2809
2023-02-21 14:57:33,1,6,678,2809
2023-02-21 14:57:33,1,7,678,2809
2023-02-21 14:57:34,2,7,678,2809
2023-02-21 14:57:34,3,7,678,2809
2023-02-21 14:57:34,3,6,678,2809
2023-02-21 14:58:06,3,8,678,2809
2023-02-21 14:58:07,4,8,678,2809
2023-02-21 14:58:07,4,7,678,2809
2023-02-21 14:58:31,3,7,678,2809
2023-02-21 14:58:31,4,7,678,2809
2023-02-21 14:59:06,3,7,678,2809
2023-02-21 14:59:06,2,7,678,2809
2023-02-21 14:59:06,2,8,678,2809
2023-02-21 14:59:06,3,8,678,2809
2023-02-21 14:59:06,3,6,678,2809
2023-02-21 14:59:34,1,6,678,2809
2023-02-21 14:59:34,1,7,678,2809
2023-02-21 14:59:34,1,9,678,2809
2023-02-21 14:59:34,2,9,678,2809
2023-02-21 14:59:34,3,9,678,2809
2023-02-21 14:59:34,3,6,678,2809
2023-02-21 15:00:08,2,6,678,2809
2023-02-21 15:00:08,2,7,678,2809
2023-02-21 15:00:08,3,7,678,2809
2023-02-21 15:00:08,3,5,678,2809
2023-02-21 15:00:21,3,4,678,2809
2023-02-21 15:00:46,2,4,678,2809
2023-02-21 15:00:46,1,4,678,2809
2023-02-21 15:00:46,1,6,678,2809
2023-02-21 15:00:46,1,9,678,2809
2023-02-21 15:00:46,3,9,678,2809
2023-02-21 15:00:46,3,5,678,2809
2023-02-21 15:01:09,1,5,678,2809
2023-02-21 15:01:09,1,6,678,2809
2023-02-21 15:01:10,2,6,678,2809
2023-02-21 15:01:10,2,4,678,2809
2023-02-21 15:01:32,1,4,678,2809
2023-02-21 15:01:32,1,5,678,2809
2023-02-21 15:01:32,1,6,678,2809
2023-02-21 15:01:32,1,9,678,2809
2023-02-21 15:01:32,2,9,678,2809
2023-02-21 15:01:32,3,9,678,2809
2023-02-21 15:01:32,3,7,678,2809
2023-02-21 15:01:32,3,5,678,2809
2023-02-21 15:02:07,1,5,678,2809
2023-02-21 15:02:07,1,7,678,2809
2023-02-21 15:02:07,2,7,678,2809
2023-02-21 15:02:07,3,7,678,2809
2023-02-21 15:02:07,3,6,678,2809
2023-02-21 15:02:40,1,6,678,2809
2023-02-21 15:02:40,1,7,678,2809
2023-02-21 15:02:40,2,7,678,2809
2023-02-21 15:02:40,3,7,678,2809
2023-02-21 15:02:40,3,5,678,2809
2023-02-21 15:03:05,1,5,678,2809
2023-02-21 15:03:05,1,6,678,2809
2023-02-21 15:03:05,2,6,678,2809
2023-02-21 15:03:05,2,5,678,2809
2023-02-21 15:03:44,1,5,678,2809
2023-02-21 15:03:44,1,6,678,2809
2023-02-21 15:03:44,2,6,678,2809
2023-02-21 15:03:44,2,5,678,2809
2023-02-21 15:03:44,2,4,678,2809
2023-02-21 15:04:12,1,4,678,2809
2023-02-21 15:04:12,1,9,678,2809
2023-02-21 15:04:23,1,100,678,2809
2023-02-21 15:04:23,1,7,678,2809
2023-02-21 15:09:23,1,9,678,2809
2023-02-21 15:09:59,2,9,678,2809
2023-02-21 15:09:59,2,4,678,2809
2023-02-21 15:10:42,1,4,678,2809
2023-02-21 15:10:42,1,6,678,2809
2023-02-21 15:10:42,2,6,678,2809
2023-02-21 15:10:42,2,5,678,2809
2023-02-21 15:10:49,3,5,678,2809
2023-02-21 15:10:55,2,5,678,2809
2023-02-21 15:11:10,1,5,678,2809
2023-02-21 15:11:10,1,7,678,2809
2023-02-21 15:11:10,3,7,678,2809
2023-02-21 15:11:10,3,6,678,2809
2023-02-21 15:11:10,3,5,678,2809
2023-02-21 15:11:38,1,5,678,2809
2023-02-21 15:11:38,1,6,678,2809
2023-02-21 15:11:38,1,7,678,2809
2023-02-21 15:11:38,2,7,678,2809
2023-02-21 15:11:38,3,7,678,2809
2023-02-21 15:11:38,3,6,678,2809
2023-02-21 15:12:04,1,6,678,2809
2023-02-21 15:12:04,1,7,678,2809
2023-02-21 15:12:04,1,8,678,2809
2023-02-21 15:12:05,2,8,678,2809
2023-02-21 15:12:05,3,8,678,2809
2023-02-21 15:12:05,4,8,678,2809
2023-02-21 15:12:05,4,7,678,2809
2023-02-21 15:12:56,5,7,678,2809
2023-02-21 15:12:58,5,8,678,2809
2023-02-21 15:12:58,5,7,678,2809
2023-02-21 15:13:10,5,8,678,2809
2023-02-21 15:13:10,5,7,678,2809
2023-02-21 15:13:55,5,8,678,2809
2023-02-21 15:13:55,5,7,678,2809
2023-02-21 15:14:16,5,8,678,2809
2023-02-21 15:14:16,5,7,678,2809
2023-02-21 15:14:38,5,8,678,2809
2023-02-21 15:14:38,5,7,678,2809
2023-02-21 15:14:38,5,6,678,2809
2023-02-21 15:15:04,5,9,678,2809
2023-02-21 15:15:05,5,8,678,2809
2023-02-21 15:15:05,5,7,678,2809
2023-02-21 15:15:42,5,8,678,2809
2023-02-21 15:15:42,5,7,678,2809
2023-02-21 15:16:11,5,8,678,2809
2023-02-21 15:16:11,5,7,678,2809
2023-02-21 15:16:11,5,6,678,2809
2023-02-21 15:16:30,5,7,678,2809
2023-02-21 15:16:30,5,8,678,2809
2023-02-21 15:16:31,5,6,678,2809
2023-02-21 15:17:09,5,7,678,2809
2023-02-21 15:17:10,5,7,827,2958
2023-02-21 15:17:10,5,6,827,2958
2023-02-21 15:17:35,5,7,827,2958
2023-02-21 15:17:35,5,6,827,2958
2023-02-21 15:17:35,2,5,1047,3178
2023-02-21 15:17:55,1,5,1047,3178
2023-02-21 15:17:55,1,7,1047,3178
2023-02-21 15:17:55,2,7,1047,3178
2023-02-21 15:17:55,3,7,1047,3178
2023-02-21 15:17:55,3,6,1047,3178
2023-02-21 15:18:02,2,6,1047,3178
2023-02-21 15:18:02,1,6,1047,3178
2023-02-21 15:18:02,1,7,1047,3178
2023-02-21 15:18:02,1,9,1047,3178
2023-02-21 15:18:02,3,9,1047,3178
2023-02-21 15:18:02,3,6,1047,3178
2023-02-21 15:18:02,3,5,1047,3178
2023-02-21 15:18:20,2,5,1047,3178
2023-02-21 15:18:20,2,6,1047,3178
2023-02-21 15:18:20,3,6,1047,3178
2023-02-21 15:18:20,3,5,1047,3178
2023-02-21 15:18:21,3,6,1181,3312
2023-02-21 15:18:36,2,6,1181,3312
2023-02-21 15:18:36,3,6,1181,3312
2023-02-21 15:18:36,3,5,1181,3312
2023-02-21 15:19:15,2,5,1181,3312
2023-02-21 15:19:15,1,5,1181,3312
2023-02-21 15:19:15,1,6,1181,3312
2023-02-21 15:19:15,3,6,1181,3312
2023-02-21 15:19:15,3,5,1181,3312
2023-02-21 15:19:31,2,5,1181,3312
2023-02-21 15:19:31,2,7,1181,3312
2023-02-21 15:19:31,2,6,1181,3312
2023-02-21 15:19:31,2,5,1181,3312
2023-02-21 15:19:49,1,5,1181,3312
2023-02-21 15:19:49,1,6,1181,3312
2023-02-21 15:19:49,1,9,1181,3312
2023-02-21 15:19:49,2,9,1181,3312
2023-02-21 15:19:49,2,4,1181,3312
2023-02-21 15:20:02,1,4,1181,3312
2023-02-21 15:20:02,1,6,1181,3312
2023-02-21 15:20:02,1,9,1181,3312
2023-02-21 15:20:45,3,9,1181,3312
2023-02-21 15:20:47,1,9,1181,3312
2023-02-21 15:20:59,3,9,1181,3312
2023-02-21 15:20:59,3,7,1181,3312
2023-02-21 15:20:59,3,6,1181,3312
2023-02-21 15:21:32,1,6,1181,3312
2023-02-21 15:21:32,1,7,1181,3312
2023-02-21 15:21:32,2,7,1181,3312
2023-02-21 15:21:32,3,7,1181,3312
2023-02-21 15:21:32,3,6,1181,3312
2023-02-21 15:22:03,2,6,1181,3312
2023-02-21 15:22:03,1,6,1181,3312
2023-02-21 15:22:03,1,7,1181,3312
2023-02-21 15:22:03,3,7,1181,3312
2023-02-21 15:22:03,3,6,1181,3312
2023-02-21 15:22:36,2,6,1181,3312
2023-02-21 15:22:36,1,6,1181,3312
2023-02-21 15:22:36,1,7,1181,3312
2023-02-21 15:22:36,3,7,1181,3312
2023-02-21 15:22:36,3,5,1181,3312
2023-02-21 15:22:58,1,5,1181,3312
2023-02-21 15:22:58,1,9,1181,3312
2023-02-21 15:22:58,2,9,1181,3312
2023-02-21 15:22:58,2,4,1181,3312
2023-02-21 15:23:34,1,4,1181,3312
2023-02-21 15:23:34,1,5,1181,3312
2023-02-21 15:23:34,2,5,1181,3312
2023-02-21 15:23:34,2,4,1181,3312
2023-02-21 15:24:02,1,4,1181,3312
2023-02-21 15:24:02,1,6,1181,3312
2023-02-21 15:24:02,1,7,1181,3312
2023-02-21 15:27:31,3,7,1181,3312
2023-02-21 15:27:31,3,5,1181,3312
2023-02-21 15:27:57,1,5,1181,3312
2023-02-21 15:27:57,1,6,1181,3312
2023-02-21 15:27:57,1,7,1181,3312
2023-02-21 15:27:57,2,7,1181,3312
2023-02-21 15:27:57,3,7,1181,3312
2023-02-21 15:27:57,3,6,1181,3312
2023-02-21 15:28:34,2,6,1181,3312
2023-02-21 15:28:34,2,7,1181,3312
2023-02-21 15:28:35,3,7,1181,3312
2023-02-21 15:28:35,3,6,1181,3312
2023-02-21 15:29:00,2,6,1181,3312
2023-02-21 15:29:00,1,6,1181,3312
2023-02-21 15:29:00,1,7,1181,3312
2023-02-21 15:29:00,2,7,1181,3312
2023-02-21 15:29:00,2,6,1181,3312
2023-02-21 15:29:00,2,5,1181,3312
2023-02-21 15:29:06,1,5,1181,3312
2023-02-21 15:29:06,1,6,1181,3312
2023-02-21 15:29:06,2,6,1181,3312
2023-02-21 15:29:06,2,5,1181,3312
2023-02-21 15:29:31,1,5,1181,3312
2023-02-21 15:29:31,1,6,1181,3312
2023-02-21 15:29:31,1,7,1181,3312
2023-02-21 15:29:32,3,7,1181,3312
2023-02-21 15:29:32,3,6,1181,3312
2023-02-21 15:29:57,1,6,1181,3312
2023-02-21 15:29:57,1,7,1181,3312
2023-02-21 15:29:57,2,7,1181,3312
2023-02-21 15:29:57,2,5,1181,3312
2023-02-21 15:29:57,2,4,1181,3312
2023-02-21 15:30:17,1,4,1181,3312
2023-02-21 15:30:17,1,5,1181,3312
2023-02-21 15:30:17,2,5,1181,3312
2023-02-21 15:30:17,2,4,1181,3312
2023-02-21 15:30:28,1,4,1181,3312
2023-02-21 15:30:28,1,5,1181,3312
2023-02-21 15:30:29,2,5,1181,3312
2023-02-21 15:30:29,2,4,1181,3312
2023-02-21 15:30:33,1,4,1181,3312
2023-02-21 15:30:33,1,7,1181,3312
2023-02-21 15:45:15,1,7,1181,3330
2023-02-21 15:45:17,1,7,1181,3348
2023-02-21 15:45:34,0,7,1862,4193
2023-02-21 15:48:44,0,1,1862,4193
2023-02-21 15:50:10,0,1,1862,4273
