datetime,bid,ask,open_interest,volume
2023-03-13 09:31:03,5,19,903,941
2023-03-13 09:31:03,15,19,903,941
2023-03-13 09:32:45,17,19,903,941
2023-03-13 09:32:45,17,21,903,941
2023-03-13 09:33:38,15,21,903,941
2023-03-13 09:33:38,15,19,903,941
2023-03-13 09:35:19,17,19,903,941
2023-03-13 09:35:20,17,21,903,941
2023-03-13 09:35:30,19,21,903,941
2023-03-13 09:35:49,17,19,903,1069
2023-03-13 09:36:15,18,21,903,1069
2023-03-13 09:36:19,17,18,903,1197
2023-03-13 09:36:24,17,21,903,1197
2023-03-13 09:36:56,17,21,903,1197
2023-03-13 09:37:26,19,21,903,1197
2023-03-13 09:37:29,17,19,912,1325
2023-03-13 09:38:06,19,21,912,1325
2023-03-13 09:38:12,18,19,912,1325
2023-03-13 09:38:20,19,21,912,1325
2023-03-13 09:38:22,18,21,912,1325
2023-03-13 09:38:26,19,21,912,1325
2023-03-13 09:38:26,19,22,912,1325
2023-03-13 09:39:51,19,21,912,1325
2023-03-13 09:39:58,18,19,1040,1453
2023-03-13 09:40:04,17,21,1040,1453
2023-03-13 09:40:10,17,18,1040,1453
2023-03-13 09:40:59,17,21,1040,1453
2023-03-13 09:41:31,18,21,1040,1453
2023-03-13 09:46:48,19,21,1040,1453
2023-03-13 09:46:55,18,19,1040,1485
2023-03-13 09:47:01,17,21,1040,1485
2023-03-13 09:47:05,18,21,1040,1485
2023-03-13 09:47:27,17,18,1040,1634
2023-03-13 09:47:33,17,21,1040,1634
2023-03-13 09:47:33,18,21,1040,1634
2023-03-13 09:47:33,18,21,1025,1649
2023-03-13 09:47:33,18,20,1025,1649
2023-03-13 09:47:42,18,19,1025,1649
2023-03-13 09:47:46,17,18,1003,1671
2023-03-13 09:47:47,17,19,1003,1671
2023-03-13 09:47:47,16,19,1003,1671
2023-03-13 09:47:56,18,19,1003,1671
2023-03-13 09:47:58,16,18,987,1687
2023-03-13 09:48:04,15,16,913,1761
2023-03-13 09:48:06,15,19,913,1761
2023-03-13 09:48:06,17,19,913,1761
2023-03-13 09:48:10,15,17,913,1833
2023-03-13 09:48:13,16,17,913,1833
2023-03-13 09:48:17,16,19,913,1833
2023-03-13 09:48:17,16,18,913,1833
2023-03-13 09:48:27,15,18,913,1833
2023-03-13 09:48:28,15,17,913,1833
2023-03-13 09:48:36,14,15,888,1873
2023-03-13 09:48:39,14,17,888,1873
2023-03-13 09:48:44,13,14,846,1915
2023-03-13 09:48:47,13,15,846,1915
2023-03-13 09:49:24,12,15,846,1915
2023-03-13 09:49:24,11,15,846,1915
2023-03-13 09:49:25,12,15,846,1915
2023-03-13 09:49:25,12,14,846,1915
2023-03-13 09:49:34,11,14,665,2096
2023-03-13 09:49:35,11,15,665,2096
2023-03-13 09:49:35,12,15,665,2096
2023-03-13 09:49:35,12,14,665,2096
2023-03-13 09:49:44,12,13,665,2096
2023-03-13 09:49:45,11,13,665,2112
2023-03-13 09:49:48,10,13,665,2193
2023-03-13 09:50:03,8,13,665,2193
2023-03-13 09:50:04,11,13,665,2193
2023-03-13 09:50:08,11,13,605,2253
2023-03-13 09:50:09,11,12,605,2253
2023-03-13 09:50:27,11,12,560,2298
2023-03-13 09:50:28,10,12,560,2298
2023-03-13 09:50:28,9,12,560,2298
2023-03-13 09:50:28,10,12,560,2298
2023-03-13 09:50:35,9,12,560,2298
2023-03-13 09:50:35,10,12,560,2298
2023-03-13 09:50:42,8,12,560,2298
2023-03-13 09:50:42,9,12,560,2298
2023-03-13 09:50:42,9,11,560,2298
2023-03-13 09:50:44,11,12,560,2358
2023-03-13 09:50:50,9,11,560,2358
2023-03-13 09:50:51,9,12,560,2358
2023-03-13 09:50:51,9,11,560,2358
2023-03-13 09:50:55,11,12,560,2374
2023-03-13 09:51:03,9,12,560,2374
2023-03-13 09:51:03,8,12,560,2374
2023-03-13 09:51:03,9,12,560,2374
2023-03-13 09:51:14,8,12,560,2374
2023-03-13 09:51:15,9,12,560,2374
2023-03-13 09:51:15,10,12,560,2374
2023-03-13 09:51:29,9,12,560,2374
2023-03-13 09:51:31,10,12,560,2374
2023-03-13 09:51:50,8,12,560,2374
2023-03-13 09:51:50,9,12,560,2374
2023-03-13 09:51:50,10,12,560,2374
2023-03-13 09:52:04,10,12,520,2414
2023-03-13 09:52:04,10,11,520,2414
2023-03-13 09:52:09,9,11,520,2414
2023-03-13 09:52:09,10,11,520,2414
2023-03-13 09:52:20,9,11,520,2414
2023-03-13 09:52:35,9,10,520,2414
2023-03-13 09:52:38,8,10,520,2414
2023-03-13 09:52:38,9,10,520,2414
2023-03-13 09:52:40,10,11,392,2542
2023-03-13 09:52:45,9,11,392,2542
2023-03-13 09:52:51,8,11,392,2542
2023-03-13 09:52:51,7,11,392,2542
2023-03-13 09:52:51,7,12,392,2542
2023-03-13 09:52:52,9,12,392,2542
2023-03-13 09:52:52,9,11,392,2542
2023-03-13 09:53:07,11,12,392,2563
2023-03-13 09:53:12,9,12,392,2563
2023-03-13 09:53:19,9,14,392,2563
2023-03-13 09:53:19,10,14,392,2563
2023-03-13 09:53:19,10,13,392,2563
2023-03-13 09:53:19,10,12,392,2563
2023-03-13 09:53:35,9,12,392,2563
2023-03-13 09:53:35,9,13,392,2563
2023-03-13 09:53:35,10,13,392,2563
2023-03-13 09:53:35,10,12,392,2563
2023-03-13 09:53:37,11,12,392,2563
2023-03-13 09:53:41,12,13,404,2575
2023-03-13 09:53:43,11,13,404,2575
2023-03-13 09:53:51,11,16,898,3141
2023-03-13 09:53:51,13,16,898,3141
2023-03-13 09:53:52,13,14,898,3141
2023-03-13 09:53:59,12,14,898,3141
2023-03-13 09:53:59,12,16,898,3141
2023-03-13 09:54:00,14,16,898,3141
2023-03-13 09:54:00,14,15,898,3141
2023-03-13 09:54:15,14,15,1098,3341
2023-03-13 09:54:17,14,16,1098,3341
2023-03-13 09:54:18,12,14,1152,3395
2023-03-13 09:54:27,11,14,1152,3395
2023-03-13 09:54:27,11,13,1152,3395
2023-03-13 09:54:44,10,13,1152,3395
2023-03-13 09:54:44,10,14,1152,3395
2023-03-13 09:54:44,11,14,1152,3395
2023-03-13 09:54:44,11,13,1152,3395
2023-03-13 09:54:51,10,13,1152,3395
2023-03-13 09:54:51,10,14,1152,3395
2023-03-13 09:54:51,11,14,1152,3395
2023-03-13 09:54:51,11,13,1152,3395
2023-03-13 09:55:20,11,14,1152,3395
2023-03-13 09:55:21,11,13,1152,3395
2023-03-13 09:55:32,11,14,1152,3395
2023-03-13 09:55:46,10,14,1152,3395
2023-03-13 09:55:47,11,14,1152,3395
2023-03-13 09:55:47,11,13,1152,3395
2023-03-13 09:55:54,11,14,1152,3395
2023-03-13 09:55:54,11,13,1152,3395
2023-03-13 09:56:10,11,12,1152,3395
2023-03-13 09:56:26,10,12,1152,3395
2023-03-13 09:56:36,9,12,1152,3395
2023-03-13 09:56:36,10,12,1152,3395
2023-03-13 09:56:45,9,12,1152,3395
2023-03-13 09:56:45,10,12,1152,3395
2023-03-13 09:56:53,9,12,1152,3395
2023-03-13 09:56:53,10,12,1152,3395
2023-03-13 09:56:58,10,12,1152,3513
2023-03-13 09:57:02,9,12,1152,3513
2023-03-13 09:57:02,10,12,1152,3513
2023-03-13 09:57:11,9,12,1152,3513
2023-03-13 09:57:12,10,12,1152,3513
2023-03-13 09:57:20,9,12,1152,3513
2023-03-13 09:57:21,9,11,1152,3513
2023-03-13 09:57:31,9,12,1152,3513
2023-03-13 09:57:31,9,11,1152,3513
2023-03-13 09:57:48,9,12,1152,3513
2023-03-13 09:57:49,9,11,1152,3513
2023-03-13 09:57:49,9,12,1152,3513
2023-03-13 09:57:49,9,11,1152,3513
2023-03-13 09:57:49,9,10,1152,3513
2023-03-13 09:57:56,9,10,1157,3518
2023-03-13 09:58:06,9,11,1157,3518
2023-03-13 09:58:06,9,10,1157,3518
2023-03-13 09:58:22,9,11,1157,3518
2023-03-13 09:58:32,9,10,1157,3518
2023-03-13 09:58:38,9,12,1157,3518
2023-03-13 09:58:38,9,11,1157,3518
2023-03-13 09:58:42,9,10,1157,3518
2023-03-13 09:58:42,9,10,1169,3530
2023-03-13 10:00:06,10,11,1169,3658
2023-03-13 10:00:08,9,11,1169,3658
2023-03-13 10:00:20,9,12,1169,3658
2023-03-13 10:00:20,10,12,1169,3658
2023-03-13 10:00:20,11,12,1169,3658
2023-03-13 10:00:23,10,12,1169,3658
2023-03-13 10:00:27,11,12,1169,3658
2023-03-13 10:00:35,9,12,1169,3658
2023-03-13 10:00:35,10,12,1169,3658
2023-03-13 10:00:44,9,12,1169,3658
2023-03-13 10:00:44,10,12,1169,3658
2023-03-13 10:00:55,9,12,1169,3658
2023-03-13 10:00:56,10,12,1169,3658
2023-03-13 10:00:59,11,12,1169,3658
2023-03-13 10:01:09,10,12,1169,3658
2023-03-13 10:01:23,9,12,1169,3658
2023-03-13 10:01:24,10,12,1169,3658
2023-03-13 10:01:26,11,12,1169,3658
2023-03-13 10:02:03,10,12,1169,3658
2023-03-13 10:02:17,10,13,1169,3658
2023-03-13 10:02:21,11,13,1169,3658
2023-03-13 10:02:32,11,14,1169,3658
2023-03-13 10:02:32,11,13,1169,3658
2023-03-13 10:02:53,11,14,1169,3658
2023-03-13 10:02:53,11,13,1169,3658
2023-03-13 10:03:24,10,13,1169,3658
2023-03-13 10:03:24,10,14,1169,3658
2023-03-13 10:03:24,11,14,1169,3658
2023-03-13 10:03:24,11,13,1169,3658
2023-03-13 10:03:30,10,13,1169,3658
2023-03-13 10:03:30,10,14,1169,3658
2023-03-13 10:03:30,11,14,1169,3658
2023-03-13 10:03:30,11,13,1169,3658
2023-03-13 10:03:44,10,13,1169,3658
2023-03-13 10:03:44,10,14,1169,3658
2023-03-13 10:03:45,10,13,1169,3658
2023-03-13 10:03:45,10,12,1169,3658
2023-03-13 10:04:19,9,12,1169,3658
2023-03-13 10:04:20,10,12,1169,3658
2023-03-13 10:04:52,9,12,1169,3658
2023-03-13 10:04:53,10,12,1169,3658
2023-03-13 10:05:11,9,10,1169,3737
2023-03-13 10:05:12,10,12,1169,3758
2023-03-13 10:05:19,9,12,1169,3758
2023-03-13 10:05:20,10,12,1169,3758
2023-03-13 10:05:38,11,12,1169,3758
2023-03-13 10:05:45,10,12,1169,3758
2023-03-13 10:06:08,11,12,1169,3758
2023-03-13 10:06:20,11,13,1169,3758
2023-03-13 10:06:20,11,14,1169,3758
2023-03-13 10:06:21,11,13,1169,3758
2023-03-13 10:06:30,11,12,1169,3758
2023-03-13 10:06:43,10,12,1169,3758
2023-03-13 10:07:17,10,14,1169,3758
2023-03-13 10:07:18,10,13,1169,3758
2023-03-13 10:07:18,10,12,1169,3758
2023-03-13 10:07:25,12,13,1169,3825
2023-03-13 10:07:29,11,13,1169,3825
2023-03-13 10:07:29,11,14,1169,3825
2023-03-13 10:07:30,11,13,1169,3825
2023-03-13 10:07:36,11,14,1169,3825
2023-03-13 10:07:36,11,13,1169,3825
2023-03-13 10:07:43,11,14,1169,3825
2023-03-13 10:07:44,11,13,1169,3825
2023-03-13 10:07:51,10,13,1169,3825
2023-03-13 10:07:51,10,14,1169,3825
2023-03-13 10:07:52,10,13,1169,3825
2023-03-13 10:07:52,11,13,1169,3825
2023-03-13 10:07:53,11,12,1169,3825
2023-03-13 10:07:59,10,12,1169,3825
2023-03-13 10:07:59,11,12,1169,3825
2023-03-13 10:07:59,11,12,1169,3924
2023-03-13 10:08:01,11,12,1169,3945
2023-03-13 10:08:01,10,11,1169,3949
2023-03-13 10:08:04,11,12,1169,3966
2023-03-13 10:08:06,10,12,1169,3973
2023-03-13 10:08:06,10,11,1169,3973
2023-03-13 10:08:10,10,12,1169,3973
2023-03-13 10:08:13,9,12,1169,4222
2023-03-13 10:08:19,9,13,1169,4222
2023-03-13 10:08:19,9,10,1169,4222
2023-03-13 10:08:35,6,10,1332,4385
2023-03-13 10:09:05,7,10,1332,4385
2023-03-13 10:09:18,6,10,1332,4385
2023-03-13 10:09:21,8,10,1332,4385
2023-03-13 10:09:32,7,10,1332,4385
2023-03-13 10:09:32,8,10,1332,4385
2023-03-13 10:09:44,7,10,1332,4385
2023-03-13 10:09:45,8,10,1332,4385
2023-03-13 10:10:21,7,10,1332,4385
2023-03-13 10:10:21,6,10,1332,4385
2023-03-13 10:10:22,7,10,1332,4385
2023-03-13 10:10:28,6,10,1332,4385
2023-03-13 10:10:29,7,10,1332,4385
2023-03-13 10:10:29,8,10,1332,4385
2023-03-13 10:10:41,7,10,1332,4385
2023-03-13 10:10:41,8,10,1332,4385
2023-03-13 10:10:49,7,10,1332,4385
2023-03-13 10:10:49,8,10,1332,4385
2023-03-13 10:11:13,8,10,1368,4485
2023-03-13 10:11:22,7,10,1368,4485
2023-03-13 10:11:23,8,10,1368,4485
2023-03-13 10:11:29,7,10,1368,4485
2023-03-13 10:11:29,8,10,1368,4485
2023-03-13 10:11:42,7,10,1368,4485
2023-03-13 10:11:42,8,10,1368,4485
2023-03-13 10:11:51,6,10,1368,4485
2023-03-13 10:11:52,7,10,1368,4485
2023-03-13 10:11:52,8,10,1368,4485
2023-03-13 10:12:30,10,11,1368,4500
2023-03-13 10:12:30,8,10,1332,4584
2023-03-13 10:12:35,8,11,1332,4584
2023-03-13 10:12:43,8,12,1332,4584
2023-03-13 10:12:43,8,13,1332,4584
2023-03-13 10:12:44,9,13,1332,4584
2023-03-13 10:12:44,9,11,1332,4584
2023-03-13 10:12:51,8,11,1332,4584
2023-03-13 10:12:51,9,11,1332,4584
2023-03-13 10:13:20,8,11,1332,4584
2023-03-13 10:13:20,8,12,1332,4584
2023-03-13 10:13:20,9,12,1332,4584
2023-03-13 10:13:20,9,11,1332,4584
2023-03-13 10:13:40,9,12,1332,4584
2023-03-13 10:13:41,9,11,1332,4584
2023-03-13 10:13:49,9,13,1332,4584
2023-03-13 10:13:50,9,12,1332,4584
2023-03-13 10:13:50,9,11,1332,4584
2023-03-13 10:14:20,8,11,1332,4584
2023-03-13 10:14:20,8,13,1332,4584
2023-03-13 10:14:20,9,13,1332,4584
2023-03-13 10:14:20,9,12,1332,4584
2023-03-13 10:14:20,9,11,1332,4584
2023-03-13 10:14:30,8,11,1332,4584
2023-03-13 10:14:30,8,12,1332,4584
2023-03-13 10:14:30,9,12,1332,4584
2023-03-13 10:14:30,9,11,1332,4584
2023-03-13 10:14:35,8,11,1332,4584
2023-03-13 10:14:35,8,12,1332,4584
2023-03-13 10:14:35,9,12,1332,4584
2023-03-13 10:14:35,9,11,1332,4584
2023-03-13 10:14:40,8,11,1332,4584
2023-03-13 10:14:40,8,12,1332,4584
2023-03-13 10:14:40,9,12,1332,4584
2023-03-13 10:14:40,9,11,1332,4584
2023-03-13 10:14:52,8,11,1332,4584
2023-03-13 10:14:52,8,12,1332,4584
2023-03-13 10:14:52,9,12,1332,4584
2023-03-13 10:14:52,9,11,1332,4584
2023-03-13 10:15:18,9,12,1332,4584
2023-03-13 10:15:19,9,11,1332,4584
2023-03-13 10:15:29,9,12,1332,4584
2023-03-13 10:15:29,9,11,1332,4584
2023-03-13 10:15:44,9,12,1332,4584
2023-03-13 10:15:51,9,13,1332,4584
2023-03-13 10:15:51,9,11,1332,4584
2023-03-13 10:16:09,9,11,1407,4659
2023-03-13 10:16:18,9,13,1407,4659
2023-03-13 10:16:18,9,12,1407,4659
2023-03-13 10:16:18,9,11,1407,4659
2023-03-13 10:16:30,9,12,1407,4659
2023-03-13 10:16:30,9,11,1407,4659
2023-03-13 10:16:30,10,11,1407,4659
2023-03-13 10:16:35,10,12,1407,4659
2023-03-13 10:16:36,10,11,1407,4659
2023-03-13 10:16:37,10,11,1407,4747
2023-03-13 10:16:38,11,12,1407,4794
2023-03-13 10:16:44,10,12,1407,4794
2023-03-13 10:16:45,10,14,1407,4794
2023-03-13 10:16:45,10,13,1407,4794
2023-03-13 10:16:45,10,12,1407,4794
2023-03-13 10:16:53,10,14,1407,4794
2023-03-13 10:16:53,10,13,1407,4794
2023-03-13 10:16:53,10,12,1407,4794
2023-03-13 10:17:20,10,13,1407,4794
2023-03-13 10:17:43,10,14,1407,4794
2023-03-13 10:17:45,10,13,1407,4794
2023-03-13 10:17:45,10,12,1407,4794
2023-03-13 10:17:52,10,13,1407,4794
2023-03-13 10:18:19,10,12,1407,4794
2023-03-13 10:18:29,10,13,1407,4794
2023-03-13 10:18:30,10,12,1407,4794
2023-03-13 10:19:16,10,14,1407,4794
2023-03-13 10:19:17,10,13,1407,4794
2023-03-13 10:19:37,10,12,1407,4794
2023-03-13 10:19:51,10,13,1407,4794
2023-03-13 10:19:51,10,14,1407,4794
2023-03-13 10:19:52,10,12,1407,4794
2023-03-13 10:20:05,11,12,1407,4794
2023-03-13 10:20:24,11,13,1407,4794
2023-03-13 10:20:24,11,14,1407,4794
2023-03-13 10:20:25,11,13,1407,4794
2023-03-13 10:20:40,11,12,1407,4794
2023-03-13 10:20:55,10,12,1407,4794
2023-03-13 10:21:17,9,12,1407,4794
2023-03-13 10:21:17,8,12,1407,4794
2023-03-13 10:21:17,8,13,1407,4794
2023-03-13 10:21:19,9,13,1407,4794
2023-03-13 10:21:19,9,12,1407,4794
2023-03-13 10:21:19,9,11,1407,4794
2023-03-13 10:21:43,9,12,1407,4794
2023-03-13 10:21:43,10,12,1407,4794
2023-03-13 10:21:50,9,12,1407,4794
2023-03-13 10:21:50,9,13,1407,4794
2023-03-13 10:21:51,10,13,1407,4794
2023-03-13 10:21:51,10,12,1407,4794
2023-03-13 10:22:19,9,12,1407,4794
2023-03-13 10:22:26,8,12,1407,4794
2023-03-13 10:22:27,9,12,1407,4794
2023-03-13 10:22:27,9,11,1407,4794
2023-03-13 10:22:32,9,10,1407,4794
2023-03-13 10:22:43,8,10,1407,4794
2023-03-13 10:22:43,9,10,1407,4794
2023-03-13 10:22:49,9,10,1407,4819
2023-03-13 10:22:50,8,10,1407,4819
2023-03-13 10:23:20,9,10,1407,4819
2023-03-13 10:23:25,9,11,1407,4819
2023-03-13 10:23:33,8,11,1407,4819
2023-03-13 10:23:34,9,11,1407,4819
2023-03-13 10:23:43,9,12,1407,4819
2023-03-13 10:23:43,9,11,1407,4819
2023-03-13 10:23:52,9,12,1407,4819
2023-03-13 10:24:01,10,12,1407,4819
2023-03-13 10:24:22,10,13,1407,4819
2023-03-13 10:24:23,10,12,1407,4819
2023-03-13 10:24:31,10,13,1407,4819
2023-03-13 10:24:31,10,12,1407,4819
2023-03-13 10:24:52,10,13,1407,4819
2023-03-13 10:24:53,10,12,1407,4819
2023-03-13 10:25:17,9,12,1407,4819
2023-03-13 10:25:17,9,13,1407,4819
2023-03-13 10:25:18,10,13,1407,4819
2023-03-13 10:25:18,10,12,1407,4819
2023-03-13 10:25:45,9,12,1407,4819
2023-03-13 10:25:45,9,13,1407,4819
2023-03-13 10:25:46,10,13,1407,4819
2023-03-13 10:25:46,10,12,1407,4819
2023-03-13 10:25:54,10,13,1407,4819
2023-03-13 10:25:55,10,12,1407,4819
2023-03-13 10:26:18,10,13,1407,4819
2023-03-13 10:26:20,10,12,1407,4819
2023-03-13 10:26:30,10,11,1407,4819
2023-03-13 10:26:35,9,11,1407,4819
2023-03-13 10:26:39,9,12,1407,4819
2023-03-13 10:26:48,9,11,1407,4819
2023-03-13 10:27:51,9,12,1407,4819
2023-03-13 10:27:51,9,11,1407,4819
2023-03-13 10:28:21,9,12,1407,4819
2023-03-13 10:28:22,10,12,1407,4819
2023-03-13 10:28:40,9,12,1407,4819
2023-03-13 10:28:40,10,12,1407,4819
2023-03-13 10:29:21,10,13,1407,4819
2023-03-13 10:29:21,10,14,1407,4819
2023-03-13 10:29:22,10,12,1407,4819
2023-03-13 10:29:25,11,12,1407,4819
2023-03-13 10:29:30,11,13,1407,4819
2023-03-13 10:29:30,11,14,1407,4819
2023-03-13 10:29:31,11,13,1407,4819
2023-03-13 10:30:01,10,13,1407,4819
2023-03-13 10:30:28,9,13,1407,4819
2023-03-13 10:30:29,9,11,1407,4819
2023-03-13 10:31:18,9,12,1407,4819
2023-03-13 10:31:18,9,13,1407,4819
2023-03-13 10:31:18,10,13,1407,4819
2023-03-13 10:31:18,10,12,1407,4819
2023-03-13 10:31:31,10,13,1407,4819
2023-03-13 10:31:31,10,12,1407,4819
2023-03-13 10:31:37,10,13,1407,4819
2023-03-13 10:31:37,10,12,1407,4819
2023-03-13 10:31:51,10,14,1407,4819
2023-03-13 10:31:52,10,13,1407,4819
2023-03-13 10:31:52,10,12,1407,4819
2023-03-13 10:32:04,10,13,1407,4819
2023-03-13 10:32:04,10,12,1407,4819
2023-03-13 10:32:27,10,13,1407,4819
2023-03-13 10:32:27,10,14,1407,4819
2023-03-13 10:32:27,10,11,1407,4819
2023-03-13 10:32:28,9,11,1407,4819
2023-03-13 10:32:52,9,10,1407,4819
2023-03-13 10:33:01,9,10,1498,4910
2023-03-13 10:33:42,8,9,1507,4919
2023-03-13 10:33:43,7,9,1507,4919
2023-03-13 10:33:43,8,10,1507,4919
2023-03-13 10:33:43,8,9,1507,4919
2023-03-13 10:33:44,8,10,1507,4919
2023-03-13 10:33:52,6,10,1507,4919
2023-03-13 10:33:53,7,10,1507,4919
2023-03-13 10:33:53,7,9,1507,4919
2023-03-13 10:34:30,8,9,1507,4919
2023-03-13 10:34:45,6,9,1507,4919
2023-03-13 10:34:46,7,9,1507,4919
2023-03-13 10:35:30,6,9,1507,4919
2023-03-13 10:35:31,7,9,1507,4919
2023-03-13 10:35:52,6,9,1507,4919
2023-03-13 10:35:52,8,9,1507,4919
2023-03-13 10:36:33,8,10,1507,4919
2023-03-13 10:36:33,7,10,1507,4919
2023-03-13 10:36:33,8,10,1507,4919
2023-03-13 10:36:39,7,10,1507,4919
2023-03-13 10:36:40,8,10,1507,4919
2023-03-13 10:36:54,7,10,1507,4919
2023-03-13 10:36:54,7,11,1507,4919
2023-03-13 10:36:54,8,11,1507,4919
2023-03-13 10:36:54,8,10,1507,4919
2023-03-13 10:37:19,8,12,1507,4919
2023-03-13 10:37:20,9,12,1507,4919
2023-03-13 10:37:20,9,11,1507,4919
2023-03-13 10:37:28,8,11,1507,4919
2023-03-13 10:37:28,8,12,1507,4919
2023-03-13 10:37:28,9,12,1507,4919
2023-03-13 10:37:28,9,11,1507,4919
2023-03-13 10:37:40,8,11,1507,4919
2023-03-13 10:37:40,9,11,1507,4919
2023-03-13 10:37:51,8,11,1507,4919
2023-03-13 10:38:19,8,12,1507,4919
2023-03-13 10:38:20,9,12,1507,4919
2023-03-13 10:38:20,9,11,1507,4919
2023-03-13 10:38:46,9,12,1507,4919
2023-03-13 10:38:46,9,11,1507,4919
2023-03-13 10:38:53,9,12,1507,4919
2023-03-13 10:38:53,9,13,1507,4919
2023-03-13 10:38:54,9,12,1507,4919
2023-03-13 10:39:24,8,12,1507,4919
2023-03-13 10:39:25,9,12,1507,4919
2023-03-13 10:39:25,9,11,1507,4919
2023-03-13 10:39:33,8,11,1507,4919
2023-03-13 10:39:33,8,12,1507,4919
2023-03-13 10:39:34,9,12,1507,4919
2023-03-13 10:39:34,9,11,1507,4919
2023-03-13 10:39:41,9,10,1507,4919
2023-03-13 10:39:51,8,10,1507,4919
2023-03-13 10:40:30,8,11,1507,4919
2023-03-13 10:40:40,9,11,1507,4919
2023-03-13 10:41:16,8,11,1507,4919
2023-03-13 10:41:16,8,12,1507,4919
2023-03-13 10:41:17,9,12,1507,4919
2023-03-13 10:41:17,9,11,1507,4919
2023-03-13 10:41:51,8,11,1507,4919
2023-03-13 10:41:51,8,12,1507,4919
2023-03-13 10:41:52,9,12,1507,4919
2023-03-13 10:41:52,9,11,1507,4919
2023-03-13 10:42:14,10,11,1507,4919
2023-03-13 10:42:19,10,11,1617,5119
2023-03-13 10:42:20,10,13,1617,5119
2023-03-13 10:42:20,10,14,1617,5119
2023-03-13 10:42:21,10,12,1617,5119
2023-03-13 10:42:23,11,12,1617,5119
2023-03-13 10:42:38,11,13,1617,5119
2023-03-13 10:42:38,11,15,1617,5119
2023-03-13 10:42:38,11,12,1617,5119
2023-03-13 10:42:45,11,13,1617,5119
2023-03-13 10:42:56,11,15,1617,5119
2023-03-13 10:42:56,11,14,1617,5119
2023-03-13 10:42:56,11,12,1617,5119
2023-03-13 10:43:19,11,13,1617,5119
2023-03-13 10:43:19,11,15,1617,5119
2023-03-13 10:43:20,11,12,1617,5119
2023-03-13 10:43:47,11,13,1617,5119
2023-03-13 10:43:47,11,15,1617,5119
2023-03-13 10:43:48,11,14,1617,5119
2023-03-13 10:43:48,11,12,1617,5119
2023-03-13 10:44:12,10,11,1512,5247
2023-03-13 10:44:23,10,12,1512,5247
2023-03-13 10:44:23,8,12,1512,5247
2023-03-13 10:44:24,9,12,1512,5247
2023-03-13 10:44:24,9,11,1512,5247
2023-03-13 10:44:24,9,10,1512,5247
2023-03-13 10:44:26,9,11,1512,5247
2023-03-13 10:44:33,9,10,1512,5247
2023-03-13 10:44:34,9,11,1512,5247
2023-03-13 10:45:13,10,11,1512,5247
2023-03-13 10:46:02,9,10,1607,5347
2023-03-13 10:46:11,9,11,1607,5347
2023-03-13 10:46:11,8,11,1607,5347
2023-03-13 10:46:14,9,11,1607,5347
2023-03-13 10:46:20,8,11,1607,5347
2023-03-13 10:46:20,9,11,1607,5347
2023-03-13 10:46:24,9,11,1607,5463
2023-03-13 10:46:34,8,11,1607,5463
2023-03-13 10:46:34,9,11,1607,5463
2023-03-13 10:46:39,8,11,1607,5463
2023-03-13 10:46:39,9,11,1607,5463
2023-03-13 10:46:47,8,11,1607,5463
2023-03-13 10:46:48,9,11,1607,5463
2023-03-13 10:47:19,8,11,1607,5463
2023-03-13 10:47:19,9,11,1607,5463
2023-03-13 10:47:32,8,11,1607,5463
2023-03-13 10:47:33,9,11,1607,5463
2023-03-13 10:47:42,8,11,1607,5463
2023-03-13 10:47:42,9,11,1607,5463
2023-03-13 10:48:13,9,10,1607,5463
2023-03-13 10:48:21,8,10,1607,5463
2023-03-13 10:48:21,7,10,1607,5463
2023-03-13 10:48:22,8,10,1607,5463
2023-03-13 10:48:49,6,10,1607,5463
2023-03-13 10:48:50,7,10,1607,5463
2023-03-13 10:48:50,8,10,1607,5463
2023-03-13 10:49:21,7,10,1607,5463
2023-03-13 10:49:22,8,10,1607,5463
2023-03-13 10:49:31,7,10,1607,5463
2023-03-13 10:49:31,8,10,1607,5463
2023-03-13 10:49:47,7,10,1607,5463
2023-03-13 10:49:47,8,10,1607,5463
2023-03-13 10:49:47,9,10,1607,5463
2023-03-13 10:49:56,8,10,1607,5463
2023-03-13 10:49:56,9,10,1607,5463
2023-03-13 10:50:33,9,11,1607,5463
2023-03-13 10:50:47,9,12,1607,5463
2023-03-13 10:51:24,9,13,1607,5463
2023-03-13 10:51:25,10,13,1607,5463
2023-03-13 10:51:25,10,12,1607,5463
2023-03-13 10:51:34,9,12,1607,5463
2023-03-13 10:51:34,9,13,1607,5463
2023-03-13 10:51:34,10,13,1607,5463
2023-03-13 10:51:34,10,12,1607,5463
2023-03-13 10:51:45,9,12,1607,5463
2023-03-13 10:51:53,9,13,1607,5463
2023-03-13 10:51:53,10,13,1607,5463
2023-03-13 10:51:53,10,12,1607,5463
2023-03-13 10:52:25,9,12,1607,5463
2023-03-13 10:52:25,9,13,1607,5463
2023-03-13 10:52:25,9,12,1607,5463
2023-03-13 10:52:32,10,12,1607,5463
2023-03-13 10:52:35,10,13,1607,5463
2023-03-13 10:52:35,10,12,1607,5463
2023-03-13 10:52:41,10,14,1607,5463
2023-03-13 10:52:41,10,15,1607,5463
2023-03-13 10:52:42,10,13,1607,5463
2023-03-13 10:52:42,10,12,1607,5463
2023-03-13 10:52:48,11,12,1607,5463
2023-03-13 10:52:53,12,13,1655,5529
2023-03-13 10:52:54,12,14,1655,5529
2023-03-13 10:52:54,12,13,1655,5529
2023-03-13 10:53:00,11,13,1655,5529
2023-03-13 10:53:00,11,14,1655,5529
2023-03-13 10:53:00,11,13,1655,5529
2023-03-13 10:53:19,11,14,1655,5529
2023-03-13 10:53:19,11,13,1655,5529
2023-03-13 10:53:32,11,14,1655,5529
2023-03-13 10:53:32,11,15,1655,5529
2023-03-13 10:53:33,11,13,1655,5529
2023-03-13 10:53:43,11,14,1655,5529
2023-03-13 10:53:43,11,15,1655,5529
2023-03-13 10:53:44,11,13,1655,5529
2023-03-13 10:53:54,10,13,1655,5529
2023-03-13 10:53:54,10,14,1655,5529
2023-03-13 10:53:54,10,13,1655,5529
2023-03-13 10:54:28,11,13,1655,5529
2023-03-13 10:54:39,11,14,1655,5529
2023-03-13 10:54:39,11,13,1655,5529
2023-03-13 10:54:47,10,13,1655,5529
2023-03-13 10:54:47,10,14,1655,5529
2023-03-13 10:54:47,10,13,1655,5529
2023-03-13 10:54:47,10,12,1655,5529
2023-03-13 10:55:17,10,11,1655,5529
2023-03-13 10:55:21,9,11,1655,5529
2023-03-13 10:55:38,9,11,1731,5605
2023-03-13 10:55:43,9,10,1731,5605
2023-03-13 10:55:43,9,10,1753,5627
2023-03-13 10:55:43,8,9,1766,5640
2023-03-13 10:55:45,8,9,1766,5687
2023-03-13 10:55:53,8,10,1766,5687
2023-03-13 10:55:56,6,10,1766,5687
2023-03-13 10:55:57,7,10,1766,5687
2023-03-13 10:55:57,7,9,1766,5687
2023-03-13 10:56:30,6,9,1766,5687
2023-03-13 10:56:30,7,9,1766,5687
2023-03-13 10:56:31,7,8,1766,5687
2023-03-13 10:56:39,6,8,1766,5687
2023-03-13 10:56:39,6,9,1766,5687
2023-03-13 10:56:39,7,9,1766,5687
2023-03-13 10:56:48,6,9,1766,5687
2023-03-13 10:56:49,7,9,1766,5687
2023-03-13 10:56:57,6,9,1766,5687
2023-03-13 10:56:57,7,9,1766,5687
2023-03-13 10:56:59,7,8,1766,5687
2023-03-13 10:57:04,7,8,1766,5815
2023-03-13 10:57:13,6,8,1766,5815
2023-03-13 10:57:13,7,8,1766,5815
2023-03-13 10:57:39,6,8,1766,5815
2023-03-13 10:58:25,6,8,1797,5846
2023-03-13 11:02:38,6,7,1797,5846
2023-03-13 11:02:42,6,7,1827,5876
2023-03-13 11:02:44,6,7,1884,5933
2023-03-13 11:02:52,5,7,1916,5965
2023-03-13 11:02:52,5,7,1916,6007
2023-03-13 11:02:53,5,6,1916,6007
2023-03-13 11:02:53,5,7,1916,6007
2023-03-13 11:03:19,4,7,1916,6007
2023-03-13 11:03:49,4,6,1916,6007
2023-03-13 11:03:59,4,7,1916,6007
2023-03-13 11:04:00,5,7,1916,6007
2023-03-13 11:04:17,4,7,1916,6007
2023-03-13 11:04:17,5,7,1916,6007
2023-03-13 11:04:29,4,7,1916,6007
2023-03-13 11:04:29,5,7,1916,6007
2023-03-13 11:04:47,4,7,1916,6007
2023-03-13 11:04:48,5,7,1916,6007
2023-03-13 11:05:21,4,7,1916,6007
2023-03-13 11:05:22,5,7,1916,6007
2023-03-13 11:05:53,4,7,1916,6007
2023-03-13 11:05:53,5,7,1916,6007
2023-03-13 11:06:17,4,7,1916,6007
2023-03-13 11:06:18,5,7,1916,6007
2023-03-13 11:06:34,4,7,1916,6007
2023-03-13 11:06:34,5,7,1916,6007
2023-03-13 11:06:43,4,7,1916,6007
2023-03-13 11:06:43,5,7,1916,6007
2023-03-13 11:07:23,6,7,1916,6007
2023-03-13 11:07:32,5,7,1916,6007
2023-03-13 11:07:32,6,7,1916,6007
2023-03-13 11:07:44,5,7,1916,6007
2023-03-13 11:07:51,4,7,1916,6007
2023-03-13 11:07:51,5,7,1916,6007
2023-03-13 11:08:32,4,7,1916,6007
2023-03-13 11:08:33,5,7,1916,6007
2023-03-13 11:08:42,4,7,1916,6007
2023-03-13 11:08:52,5,7,1916,6007
2023-03-13 11:09:21,4,7,1916,6007
2023-03-13 11:09:21,5,7,1916,6007
2023-03-13 11:09:40,4,7,1916,6007
2023-03-13 11:09:40,5,7,1916,6007
2023-03-13 11:09:50,4,7,1916,6007
2023-03-13 11:09:50,5,7,1916,6007
2023-03-13 11:10:19,4,7,1916,6007
2023-03-13 11:10:19,5,7,1916,6007
2023-03-13 11:10:30,4,7,1916,6007
2023-03-13 11:10:30,5,7,1916,6007
2023-03-13 11:10:43,4,7,1916,6007
2023-03-13 11:10:43,5,7,1916,6007
2023-03-13 11:10:53,5,7,1841,6082
2023-03-13 11:11:00,4,7,1841,6082
2023-03-13 11:11:00,5,7,1841,6082
2023-03-13 11:11:04,5,6,1841,6082
2023-03-13 11:11:19,4,6,1841,6082
2023-03-13 11:12:30,4,5,1841,6082
2023-03-13 11:12:44,4,6,1841,6082
2023-03-13 11:12:44,4,5,1841,6082
2023-03-13 11:13:26,4,6,1841,6082
2023-03-13 11:13:27,4,5,1841,6082
2023-03-13 11:13:35,4,6,1841,6082
2023-03-13 11:15:42,4,5,1841,6082
2023-03-13 11:15:54,4,6,1841,6082
2023-03-13 11:15:54,4,5,1841,6082
2023-03-13 11:16:26,4,6,1841,6082
2023-03-13 11:16:26,4,5,1841,6082
2023-03-13 11:16:36,4,6,1841,6082
2023-03-13 11:16:36,4,5,1841,6082
2023-03-13 11:17:01,4,6,1841,6082
2023-03-13 11:17:03,4,5,1841,6082
2023-03-13 11:17:26,4,6,1841,6082
2023-03-13 11:17:27,4,5,1841,6082
2023-03-13 11:17:40,4,6,1841,6082
2023-03-13 11:17:41,4,5,1841,6082
2023-03-13 11:17:54,4,6,1841,6082
2023-03-13 11:17:54,4,5,1841,6082
2023-03-13 11:18:24,4,6,1841,6082
2023-03-13 11:18:24,4,5,1841,6082
2023-03-13 11:19:02,4,5,2041,6282
2023-03-13 11:19:26,2,4,2091,6332
2023-03-13 11:19:35,2,5,2091,6332
2023-03-13 11:19:36,2,4,2091,6332
2023-03-13 11:19:38,2,4,2141,6382
2023-03-13 11:19:47,3,4,2141,6382
2023-03-13 11:19:57,2,4,2141,6382
2023-03-13 11:19:57,2,5,2141,6382
2023-03-13 11:19:58,3,5,2141,6382
2023-03-13 11:20:31,2,5,2141,6382
2023-03-13 11:20:32,3,5,2141,6382
2023-03-13 11:20:47,2,5,2141,6382
2023-03-13 11:20:47,3,5,2141,6382
2023-03-13 11:20:54,2,5,2141,6382
2023-03-13 11:20:54,3,5,2141,6382
2023-03-13 11:21:19,2,5,2141,6382
2023-03-13 11:21:19,3,5,2141,6382
2023-03-13 11:21:46,2,5,2141,6382
2023-03-13 11:21:46,2,4,2141,6382
2023-03-13 11:21:54,2,5,2141,6382
2023-03-13 11:21:54,3,5,2141,6382
2023-03-13 11:22:26,2,5,2141,6382
2023-03-13 11:22:26,3,5,2141,6382
2023-03-13 11:22:33,2,5,2141,6382
2023-03-13 11:22:33,3,5,2141,6382
2023-03-13 11:23:38,4,5,2141,6382
2023-03-13 11:23:50,3,5,2141,6382
2023-03-13 11:23:51,4,5,2141,6382
2023-03-13 11:24:28,3,5,2141,6382
2023-03-13 11:26:39,2,5,2141,6382
2023-03-13 11:26:40,3,5,2141,6382
2023-03-13 11:26:52,2,5,2141,6382
2023-03-13 11:26:53,2,4,2141,6382
2023-03-13 11:27:21,2,5,2141,6382
2023-03-13 11:27:28,2,4,2141,6382
2023-03-13 11:27:38,2,5,2141,6382
2023-03-13 11:27:39,2,4,2141,6382
2023-03-13 11:27:47,2,5,2141,6382
2023-03-13 11:28:20,2,4,2141,6382
2023-03-13 11:28:47,2,5,2141,6382
2023-03-13 11:28:50,2,4,2141,6382
2023-03-13 11:29:07,2,5,2141,6382
2023-03-13 11:29:10,2,4,2141,6382
2023-03-13 11:29:27,2,5,2141,6382
2023-03-13 11:29:30,2,4,2141,6382
2023-03-13 11:29:46,2,5,2141,6382
2023-03-13 11:29:50,2,4,2141,6382
2023-03-13 11:30:05,2,5,2141,6382
2023-03-13 11:30:10,2,4,2141,6382
2023-03-13 11:30:29,2,5,2141,6382
2023-03-13 11:30:29,2,4,2141,6382
2023-03-13 11:30:48,2,5,2141,6382
2023-03-13 11:30:51,2,3,2141,6382
2023-03-13 11:31:05,2,4,2141,6382
2023-03-13 11:31:10,2,5,2141,6382
2023-03-13 11:31:10,2,4,2141,6382
2023-03-13 11:31:30,2,5,2141,6382
2023-03-13 11:31:30,2,4,2141,6382
2023-03-13 11:32:08,2,5,2141,6382
2023-03-13 11:32:11,2,4,2141,6382
2023-03-13 11:32:28,2,5,2141,6382
2023-03-13 11:32:30,2,4,2141,6382
2023-03-13 11:32:48,2,5,2141,6382
2023-03-13 11:32:49,2,4,2141,6382
2023-03-13 11:35:25,3,5,2141,6382
2023-03-13 11:41:31,3,4,2141,6382
2023-03-13 11:41:58,2,4,2141,6382
2023-03-13 11:42:11,3,4,2141,6382
2023-03-13 11:42:29,2,4,2141,6382
2023-03-13 11:42:31,3,4,2141,6382
2023-03-13 11:42:49,2,4,2141,6382
2023-03-13 11:43:07,2,5,2141,6382
2023-03-13 11:43:08,2,4,2141,6382
2023-03-13 11:44:07,2,5,2141,6382
2023-03-13 11:44:11,2,4,2141,6382
2023-03-13 11:44:27,2,5,2141,6382
2023-03-13 11:44:31,2,4,2141,6382
2023-03-13 11:44:51,2,5,2141,6382
2023-03-13 11:44:52,2,4,2141,6382
2023-03-13 11:45:08,2,5,2141,6382
2023-03-13 11:45:11,2,4,2141,6382
2023-03-13 11:45:26,2,5,2141,6382
2023-03-13 11:45:31,2,4,2141,6382
2023-03-13 11:45:51,2,5,2141,6382
2023-03-13 11:45:51,2,4,2141,6382
2023-03-13 11:46:06,2,5,2141,6382
2023-03-13 11:46:12,2,4,2141,6382
2023-03-13 11:46:31,3,5,2141,6382
2023-03-13 11:46:40,3,4,2141,6382
2023-03-13 11:46:45,2,4,2141,6382
2023-03-13 11:47:49,2,5,2141,6382
2023-03-13 11:48:37,2,8,2141,6382
2023-03-13 11:48:49,2,9,2141,6382
2023-03-13 11:48:51,2,8,2141,6382
2023-03-13 11:48:56,2,9,2141,6382
2023-03-13 11:49:03,2,8,2141,6382
2023-03-13 11:49:08,2,9,2141,6382
2023-03-13 11:49:08,2,8,2141,6382
2023-03-13 11:49:19,2,9,2141,6382
2023-03-13 11:49:21,2,8,2141,6382
2023-03-13 11:49:31,2,9,2141,6382
2023-03-13 11:49:31,2,7,2141,6382
2023-03-13 11:49:58,2,50,2141,6382
2023-03-13 11:49:58,2,49,2141,6382
2023-03-13 11:49:59,2,50,2141,6382
2023-03-13 11:49:59,2,49,2141,6382
2023-03-13 11:50:27,2,50,2141,6382
2023-03-13 11:51:04,2,4,2141,6382
2023-03-13 11:51:19,2,48,2141,6382
2023-03-13 11:51:23,2,4,2141,6382
2023-03-13 11:51:38,2,48,2141,6382
2023-03-13 11:51:40,2,7,2141,6382
2023-03-13 11:51:43,2,6,2141,6382
2023-03-13 11:51:43,2,7,2141,6382
2023-03-13 11:51:43,2,4,2141,6382
2023-03-13 11:52:00,2,7,2141,6382
2023-03-13 11:52:01,2,6,2141,6382
2023-03-13 11:52:04,2,3,2141,6382
2023-03-13 11:52:20,2,6,2141,6382
2023-03-13 11:52:23,2,3,2141,6382
2023-03-13 11:52:41,2,6,2141,6382
2023-03-13 11:52:43,2,3,2141,6382
2023-03-13 11:53:00,2,7,2141,6382
2023-03-13 11:53:02,2,6,2141,6382
2023-03-13 11:53:04,2,3,2141,6382
2023-03-13 11:53:18,2,6,2141,6382
2023-03-13 11:53:20,2,7,2141,6382
2023-03-13 11:53:24,2,4,2141,6382
2023-03-13 11:53:39,2,6,2141,6382
2023-03-13 11:53:41,2,7,2141,6382
2023-03-13 11:53:41,2,6,2141,6382
2023-03-13 11:53:43,2,4,2141,6382
2023-03-13 11:54:02,2,7,2141,6382
2023-03-13 11:54:04,2,6,2141,6382
2023-03-13 11:54:05,2,4,2141,6382
2023-03-13 11:54:21,2,7,2141,6382
2023-03-13 11:54:23,2,6,2141,6382
2023-03-13 11:54:24,2,4,2141,6382
2023-03-13 11:54:40,2,7,2141,6382
2023-03-13 11:54:43,2,4,2141,6382
2023-03-13 11:54:59,2,7,2141,6382
2023-03-13 11:55:02,2,6,2141,6382
2023-03-13 11:55:03,2,7,2141,6382
2023-03-13 11:55:03,2,4,2141,6382
2023-03-13 11:55:18,2,48,2141,6382
2023-03-13 11:55:19,2,49,2141,6382
2023-03-13 11:55:23,3,48,2141,6382
2023-03-13 11:55:23,3,5,2141,6382
2023-03-13 11:55:28,3,4,2141,6382
2023-03-13 11:55:42,2,4,2141,6382
2023-03-13 11:55:42,2,50,2141,6382
2023-03-13 11:55:42,2,49,2141,6382
2023-03-13 11:55:43,2,50,2141,6382
2023-03-13 11:55:44,2,4,2141,6382
2023-03-13 11:55:59,2,49,2141,6382
2023-03-13 11:56:01,2,50,2141,6382
2023-03-13 11:56:01,2,49,2141,6382
2023-03-13 11:56:03,2,4,2141,6382
2023-03-13 11:56:21,2,7,2141,6382
2023-03-13 11:56:24,2,4,2141,6382
2023-03-13 11:56:38,2,8,2141,6382
2023-03-13 11:56:43,2,7,2141,6382
2023-03-13 11:56:44,2,4,2141,6382
2023-03-13 11:57:02,2,8,2141,6382
2023-03-13 11:57:03,2,4,2141,6382
2023-03-13 11:57:20,2,8,2141,6382
2023-03-13 11:57:24,2,4,2141,6382
2023-03-13 11:57:40,2,8,2141,6382
2023-03-13 11:57:44,2,4,2141,6382
2023-03-13 11:58:00,2,8,2141,6382
2023-03-13 11:58:01,2,7,2141,6382
2023-03-13 11:58:04,2,4,2141,6382
2023-03-13 11:58:22,2,8,2141,6382
2023-03-13 11:58:24,2,4,2141,6382
2023-03-13 11:58:42,2,8,2141,6382
2023-03-13 11:58:44,2,4,2141,6382
2023-03-13 11:59:03,2,8,2141,6382
2023-03-13 11:59:04,2,4,2141,6382
2023-03-13 11:59:21,2,7,2141,6382
2023-03-13 11:59:21,2,8,2141,6382
2023-03-13 11:59:21,2,7,2141,6382
2023-03-13 11:59:24,2,3,2141,6382
2023-03-13 11:59:39,2,7,2141,6382
2023-03-13 11:59:39,2,8,2141,6382
2023-03-13 11:59:40,2,7,2141,6382
2023-03-13 11:59:43,2,4,2141,6382
2023-03-13 11:59:58,2,7,2141,6382
2023-03-13 12:00:04,2,3,2141,6382
2023-03-13 12:00:15,2,3,2141,6386
2023-03-13 12:00:15,2,3,2141,6390
2023-03-13 12:00:15,2,3,2141,6394
2023-03-13 12:00:15,2,3,2141,6424
2023-03-13 12:00:21,2,4,2141,6424
2023-03-13 12:00:21,2,5,2141,6424
2023-03-13 12:00:23,1,4,2141,6424
2023-03-13 12:00:25,1,3,2141,6424
2023-03-13 12:00:41,1,4,2141,6424
2023-03-13 12:00:42,1,5,2141,6424
2023-03-13 12:00:42,1,4,2141,6424
2023-03-13 12:00:46,1,3,2141,6424
2023-03-13 12:01:04,1,5,2141,6424
2023-03-13 12:01:04,1,3,2141,6424
2023-03-13 12:01:21,1,5,2141,6424
2023-03-13 12:01:23,1,4,2141,6424
2023-03-13 12:01:24,1,5,2141,6424
2023-03-13 12:01:24,1,3,2141,6424
2023-03-13 12:01:42,1,4,2141,6424
2023-03-13 12:01:42,1,5,2141,6424
2023-03-13 12:01:44,1,3,2141,6424
2023-03-13 12:02:03,1,5,2141,6424
2023-03-13 12:02:04,1,3,2141,6424
2023-03-13 12:02:18,1,4,2141,6424
2023-03-13 12:02:22,1,5,2141,6424
2023-03-13 12:02:24,1,3,2141,6424
2023-03-13 12:02:43,1,5,2141,6424
2023-03-13 12:02:43,1,3,2141,6424
2023-03-13 12:02:58,1,4,2141,6424
2023-03-13 12:03:01,1,5,2141,6424
2023-03-13 12:03:03,1,4,2141,6424
2023-03-13 12:03:04,1,3,2141,6424
2023-03-13 12:03:19,1,5,2141,6424
2023-03-13 12:03:23,2,5,2141,6424
2023-03-13 12:03:23,2,4,2141,6424
2023-03-13 12:03:43,1,5,2141,6424
2023-03-13 12:03:43,2,5,2141,6424
2023-03-13 12:03:44,2,4,2141,6424
2023-03-13 12:03:59,1,5,2141,6424
2023-03-13 12:04:04,2,5,2141,6424
2023-03-13 12:04:04,2,4,2141,6424
2023-03-13 12:04:22,1,5,2141,6424
2023-03-13 12:04:24,2,5,2141,6424
2023-03-13 12:04:24,2,4,2141,6424
2023-03-13 12:04:40,1,5,2141,6424
2023-03-13 12:04:43,2,5,2141,6424
2023-03-13 12:04:43,2,4,2141,6424
2023-03-13 12:05:01,1,5,2141,6424
2023-03-13 12:05:03,2,5,2141,6424
2023-03-13 12:05:04,2,4,2141,6424
2023-03-13 12:05:21,1,5,2141,6424
2023-03-13 12:05:23,2,5,2141,6424
2023-03-13 12:05:24,2,4,2141,6424
2023-03-13 12:05:39,1,5,2141,6424
2023-03-13 12:05:43,2,5,2141,6424
2023-03-13 12:05:44,2,4,2141,6424
2023-03-13 12:05:59,1,5,2141,6424
2023-03-13 12:06:03,2,5,2141,6424
2023-03-13 12:06:04,2,4,2141,6424
2023-03-13 12:06:19,1,5,2141,6424
2023-03-13 12:06:30,1,3,2141,6424
2023-03-13 12:06:45,1,4,2141,6424
2023-03-13 12:06:46,1,5,2141,6424
2023-03-13 12:06:46,1,4,2141,6424
2023-03-13 12:06:48,1,3,2141,6424
2023-03-13 12:07:07,1,5,2141,6424
2023-03-13 12:07:07,1,3,2141,6424
2023-03-13 12:07:27,1,5,2141,6424
2023-03-13 12:07:27,1,3,2141,6424
2023-03-13 12:07:46,1,5,2141,6424
2023-03-13 12:07:46,1,3,2141,6424
2023-03-13 12:08:06,1,5,2141,6424
2023-03-13 12:08:06,1,3,2141,6424
2023-03-13 12:08:26,1,5,2141,6424
2023-03-13 12:08:26,1,3,2141,6424
2023-03-13 12:08:47,1,5,2141,6424
2023-03-13 12:08:47,1,3,2141,6424
2023-03-13 12:09:06,1,5,2141,6424
2023-03-13 12:09:07,1,3,2141,6424
2023-03-13 12:09:27,1,5,2141,6424
2023-03-13 12:09:27,1,3,2141,6424
2023-03-13 12:09:46,1,5,2141,6424
2023-03-13 12:09:46,1,3,2141,6424
2023-03-13 12:10:06,1,5,2141,6424
2023-03-13 12:10:07,1,3,2141,6424
2023-03-13 12:10:26,1,5,2141,6424
2023-03-13 12:10:26,1,3,2141,6424
2023-03-13 12:10:46,1,5,2141,6424
2023-03-13 12:10:46,1,3,2141,6424
2023-03-13 12:11:06,1,5,2141,6424
2023-03-13 12:11:06,1,3,2141,6424
2023-03-13 12:11:26,1,5,2141,6424
2023-03-13 12:11:26,1,3,2141,6424
2023-03-13 12:11:46,1,5,2141,6424
2023-03-13 12:11:46,1,3,2141,6424
2023-03-13 12:12:03,1,5,2141,6424
2023-03-13 12:12:06,1,3,2141,6424
2023-03-13 12:12:22,1,5,2141,6424
2023-03-13 12:12:26,2,5,2141,6424
2023-03-13 12:12:26,2,4,2141,6424
2023-03-13 12:12:41,1,5,2141,6424
2023-03-13 12:12:46,2,5,2141,6424
2023-03-13 12:12:47,2,4,2141,6424
2023-03-13 12:13:02,1,5,2141,6424
2023-03-13 12:13:06,2,5,2141,6424
2023-03-13 12:13:07,2,4,2141,6424
2023-03-13 12:13:22,1,5,2141,6424
2023-03-13 12:13:27,2,5,2141,6424
2023-03-13 12:13:27,2,4,2141,6424
2023-03-13 12:13:46,1,5,2141,6424
2023-03-13 12:13:47,1,3,2141,6424
2023-03-13 12:14:05,1,4,2141,6424
2023-03-13 12:14:07,1,3,2141,6424
2023-03-13 12:14:26,1,4,2141,6424
2023-03-13 12:14:27,1,3,2141,6424
2023-03-13 12:14:46,1,5,2141,6424
2023-03-13 12:14:47,1,3,2141,6424
2023-03-13 12:15:04,1,5,2141,6424
2023-03-13 12:15:07,1,3,2141,6424
2023-03-13 12:15:27,1,5,2141,6424
2023-03-13 12:15:28,1,3,2141,6424
2023-03-13 12:15:46,1,5,2141,6424
2023-03-13 12:15:47,1,3,2141,6424
2023-03-13 12:16:07,1,5,2141,6424
2023-03-13 12:16:07,1,3,2141,6424
2023-03-13 12:16:26,1,5,2141,6424
2023-03-13 12:16:26,1,3,2141,6424
2023-03-13 12:16:46,1,5,2141,6424
2023-03-13 12:16:46,1,3,2141,6424
2023-03-13 12:17:06,1,5,2141,6424
2023-03-13 12:17:07,1,3,2141,6424
2023-03-13 12:17:26,1,5,2141,6424
2023-03-13 12:17:26,1,3,2141,6424
2023-03-13 12:17:47,1,5,2141,6424
2023-03-13 12:17:47,1,3,2141,6424
2023-03-13 12:18:06,1,5,2141,6424
2023-03-13 12:18:06,1,3,2141,6424
2023-03-13 12:18:26,1,5,2141,6424
2023-03-13 12:18:26,1,3,2141,6424
2023-03-13 12:18:46,1,5,2141,6424
2023-03-13 12:18:46,1,3,2141,6424
2023-03-13 12:19:04,1,5,2141,6424
2023-03-13 12:19:06,1,3,2141,6424
2023-03-13 12:19:24,1,5,2141,6424
2023-03-13 12:19:27,1,3,2141,6424
2023-03-13 12:19:44,1,5,2141,6424
2023-03-13 12:19:46,1,3,2141,6424
2023-03-13 12:20:06,1,5,2141,6424
2023-03-13 12:20:07,1,3,2141,6424
2023-03-13 12:20:23,1,5,2141,6424
2023-03-13 12:20:27,1,3,2141,6424
2023-03-13 12:20:42,1,5,2141,6424
2023-03-13 12:20:47,1,3,2141,6424
2023-03-13 12:21:02,1,5,2141,6424
2023-03-13 12:21:07,1,3,2141,6424
2023-03-13 12:21:25,1,5,2141,6424
2023-03-13 12:21:27,1,3,2141,6424
2023-03-13 12:21:44,1,5,2141,6424
2023-03-13 12:21:46,2,5,2141,6424
2023-03-13 12:21:47,2,4,2141,6424
2023-03-13 12:22:05,1,5,2141,6424
2023-03-13 12:22:07,1,3,2141,6424
2023-03-13 12:22:21,1,5,2141,6424
2023-03-13 12:22:27,1,3,2141,6424
2023-03-13 12:22:41,1,5,2141,6424
2023-03-13 12:22:46,2,5,2141,6424
2023-03-13 12:22:47,2,4,2141,6424
2023-03-13 12:23:04,1,5,2141,6424
2023-03-13 12:23:07,1,3,2141,6424
2023-03-13 12:23:24,1,5,2141,6424
2023-03-13 12:23:27,1,3,2141,6424
2023-03-13 12:23:44,1,5,2141,6424
2023-03-13 12:23:46,1,3,2141,6424
2023-03-13 12:24:06,1,5,2141,6424
2023-03-13 12:24:07,1,3,2141,6424
2023-03-13 12:24:27,1,5,2141,6424
2023-03-13 12:24:27,1,3,2141,6424
2023-03-13 12:24:44,1,5,2141,6424
2023-03-13 12:24:47,2,5,2141,6424
2023-03-13 12:24:48,2,4,2141,6424
2023-03-13 12:25:06,2,5,2141,6424
2023-03-13 12:25:07,2,4,2141,6424
2023-03-13 12:25:13,2,3,2141,6424
2023-03-13 12:25:15,2,4,2141,6424
2023-03-13 12:25:22,2,5,2141,6424
2023-03-13 12:25:27,2,4,2141,6424
2023-03-13 12:25:37,2,3,2141,6424
2023-03-13 12:25:37,2,4,2141,6424
2023-03-13 12:25:44,2,5,2141,6424
2023-03-13 12:25:44,2,4,2141,6424
2023-03-13 12:25:52,2,3,2141,6424
2023-03-13 12:25:53,2,4,2141,6424
2023-03-13 12:26:01,2,5,2141,6424
2023-03-13 12:26:02,2,4,2141,6424
2023-03-13 12:26:20,2,3,2141,6424
2023-03-13 12:26:22,2,5,2141,6424
2023-03-13 12:26:27,2,4,2141,6424
2023-03-13 12:26:27,3,4,2141,6424
2023-03-13 12:26:27,3,5,2141,6424
2023-03-13 12:26:27,3,4,2141,6424
2023-03-13 12:26:27,2,4,2145,6428
2023-03-13 12:26:28,2,5,2145,6428
2023-03-13 12:26:46,3,5,2145,6428
2023-03-13 12:27:07,2,5,2145,6428
2023-03-13 12:27:07,2,4,2145,6428
2023-03-13 12:27:26,2,5,2145,6428
2023-03-13 12:27:27,2,4,2145,6428
2023-03-13 12:27:43,2,5,2145,6428
2023-03-13 12:27:43,2,4,2145,6428
2023-03-13 12:27:45,2,5,2145,6428
2023-03-13 12:27:47,2,3,2145,6428
2023-03-13 12:28:03,2,5,2145,6428
2023-03-13 12:28:07,2,3,2145,6428
2023-03-13 12:28:26,2,5,2145,6428
2023-03-13 12:28:27,2,3,2145,6428
2023-03-13 12:28:45,2,5,2145,6428
2023-03-13 12:28:47,2,3,2145,6428
2023-03-13 12:29:01,2,5,2145,6428
2023-03-13 12:29:07,2,3,2145,6428
2023-03-13 12:29:27,2,5,2145,6428
2023-03-13 12:29:27,2,3,2145,6428
2023-03-13 12:29:46,2,5,2145,6428
2023-03-13 12:29:47,2,3,2145,6428
2023-03-13 12:30:03,2,5,2145,6428
2023-03-13 12:30:07,2,3,2145,6428
2023-03-13 12:30:22,2,7,2145,6428
2023-03-13 12:30:27,2,3,2145,6428
2023-03-13 12:30:42,2,7,2145,6428
2023-03-13 12:30:44,2,8,2145,6428
2023-03-13 12:30:47,2,3,2145,6428
2023-03-13 12:31:02,2,49,2145,6428
2023-03-13 12:31:07,2,3,2145,6428
2023-03-13 12:31:22,2,49,2145,6428
2023-03-13 12:31:27,2,3,2145,6428
2023-03-13 12:31:41,2,49,2145,6428
2023-03-13 12:31:47,2,3,2145,6428
2023-03-13 12:32:01,2,7,2145,6428
2023-03-13 12:32:07,2,3,2145,6428
2023-03-13 12:32:22,2,7,2145,6428
2023-03-13 12:32:25,2,8,2145,6428
2023-03-13 12:32:27,2,3,2145,6428
2023-03-13 12:32:42,2,7,2145,6428
2023-03-13 12:32:47,2,4,2145,6428
2023-03-13 12:33:01,2,7,2145,6428
2023-03-13 12:33:07,2,4,2145,6428
2023-03-13 12:33:22,2,49,2145,6428
2023-03-13 12:33:27,2,3,2145,6428
2023-03-13 12:33:42,2,49,2145,6428
2023-03-13 12:33:47,2,4,2145,6428
2023-03-13 12:34:02,2,49,2145,6428
2023-03-13 12:34:07,2,4,2145,6428
2023-03-13 12:34:11,2,3,2145,6428
2023-03-13 12:34:16,2,4,2145,6428
2023-03-13 12:34:22,2,49,2145,6428
2023-03-13 12:34:26,2,50,2145,6428
2023-03-13 12:34:27,2,3,2145,6428
2023-03-13 12:34:42,2,8,2145,6428
2023-03-13 12:34:43,2,9,2145,6428
2023-03-13 12:34:43,2,8,2145,6428
2023-03-13 12:34:47,2,4,2145,6428
2023-03-13 12:35:01,2,8,2145,6428
2023-03-13 12:35:07,2,4,2145,6428
2023-03-13 12:35:22,2,8,2145,6428
2023-03-13 12:35:27,2,4,2145,6428
2023-03-13 12:35:42,2,8,2145,6428
2023-03-13 12:35:47,2,4,2145,6428
2023-03-13 12:36:02,2,8,2145,6428
2023-03-13 12:36:07,2,4,2145,6428
2023-03-13 12:36:22,2,8,2145,6428
2023-03-13 12:36:27,2,3,2145,6428
2023-03-13 12:36:41,2,8,2145,6428
2023-03-13 12:36:47,2,3,2145,6428
2023-03-13 12:37:01,2,8,2145,6428
2023-03-13 12:37:08,2,3,2145,6428
2023-03-13 12:37:22,2,8,2145,6428
2023-03-13 12:37:24,2,9,2145,6428
2023-03-13 12:37:24,2,8,2145,6428
2023-03-13 12:37:27,2,3,2145,6428
2023-03-13 12:37:42,2,8,2145,6428
2023-03-13 12:37:42,2,9,2145,6428
2023-03-13 12:37:47,2,3,2145,6428
2023-03-13 12:38:01,2,8,2145,6428
2023-03-13 12:38:07,2,3,2145,6428
2023-03-13 12:38:22,2,8,2145,6428
2023-03-13 12:38:24,2,9,2145,6428
2023-03-13 12:38:27,2,3,2145,6428
2023-03-13 12:38:42,2,7,2145,6428
2023-03-13 12:38:47,2,3,2145,6428
2023-03-13 12:39:02,2,7,2145,6428
2023-03-13 12:39:07,2,3,2145,6428
2023-03-13 12:39:21,2,7,2145,6428
2023-03-13 12:39:27,2,3,2145,6428
2023-03-13 12:39:42,2,7,2145,6428
2023-03-13 12:39:44,2,8,2145,6428
2023-03-13 12:39:44,2,7,2145,6428
2023-03-13 12:39:47,2,3,2145,6428
2023-03-13 12:40:02,2,7,2145,6428
2023-03-13 12:40:07,2,3,2145,6428
2023-03-13 12:40:22,2,7,2145,6428
2023-03-13 12:40:24,2,8,2145,6428
2023-03-13 12:40:27,2,3,2145,6428
2023-03-13 12:40:42,2,7,2145,6428
2023-03-13 12:40:46,2,8,2145,6428
2023-03-13 12:40:46,2,7,2145,6428
2023-03-13 12:40:47,2,3,2145,6428
2023-03-13 12:41:02,2,7,2145,6428
2023-03-13 12:41:07,2,3,2145,6428
2023-03-13 12:41:22,2,7,2145,6428
2023-03-13 12:41:27,2,3,2145,6428
2023-03-13 12:41:42,2,8,2145,6428
2023-03-13 12:41:42,2,7,2145,6428
2023-03-13 12:41:47,2,3,2145,6428
2023-03-13 12:42:00,2,3,2145,6454
2023-03-13 12:42:00,2,3,2145,6480
2023-03-13 12:42:01,2,7,2145,6480
2023-03-13 12:42:04,2,8,2145,6480
2023-03-13 12:42:04,2,5,2145,6480
2023-03-13 12:42:05,1,5,2145,6480
2023-03-13 12:42:07,1,3,2145,6480
2023-03-13 12:42:22,1,4,2145,6480
2023-03-13 12:42:27,1,3,2145,6480
2023-03-13 12:42:42,1,4,2145,6480
2023-03-13 12:42:47,1,3,2145,6480
2023-03-13 12:42:49,1,2,2145,6480
2023-03-13 12:42:50,1,2,2149,6484
2023-03-13 12:42:50,1,2,2153,6488
2023-03-13 12:42:50,1,3,2153,6488
2023-03-13 12:43:26,1,4,2153,6488
2023-03-13 12:43:27,1,5,2153,6488
2023-03-13 12:43:27,1,3,2153,6488
2023-03-13 12:44:06,1,4,2153,6488
2023-03-13 12:44:06,1,5,2153,6488
2023-03-13 12:44:07,1,3,2153,6488
2023-03-13 12:44:25,1,5,2153,6488
2023-03-13 12:44:27,1,3,2153,6488
2023-03-13 12:44:44,1,5,2153,6488
2023-03-13 12:44:47,1,3,2153,6488
2023-03-13 12:45:04,1,5,2153,6488
2023-03-13 12:45:07,1,3,2153,6488
2023-03-13 12:45:22,1,5,2153,6488
2023-03-13 12:45:27,1,3,2153,6488
2023-03-13 12:45:42,1,4,2153,6488
2023-03-13 12:45:42,1,5,2153,6488
2023-03-13 12:45:44,1,4,2153,6488
2023-03-13 12:45:47,1,3,2153,6488
2023-03-13 12:46:01,1,4,2153,6488
2023-03-13 12:46:04,1,5,2153,6488
2023-03-13 12:46:05,1,4,2153,6488
2023-03-13 12:46:07,1,3,2153,6488
2023-03-13 12:46:46,1,5,2153,6488
2023-03-13 12:46:47,1,3,2153,6488
2023-03-13 12:47:42,1,5,2153,6488
2023-03-13 12:47:47,1,4,2153,6488
2023-03-13 12:47:47,1,5,2153,6488
2023-03-13 12:47:47,1,4,2153,6488
2023-03-13 12:47:47,1,3,2153,6488
2023-03-13 12:48:02,1,4,2153,6488
2023-03-13 12:48:02,1,5,2153,6488
2023-03-13 12:48:05,1,4,2153,6488
2023-03-13 12:48:05,1,5,2153,6488
2023-03-13 12:48:07,1,3,2153,6488
2023-03-13 12:48:22,1,5,2153,6488
2023-03-13 12:48:26,1,4,2153,6488
2023-03-13 12:48:26,1,5,2153,6488
2023-03-13 12:48:27,1,3,2153,6488
2023-03-13 12:48:44,1,5,2153,6488
2023-03-13 12:48:47,1,3,2153,6488
2023-03-13 12:49:02,1,4,2153,6488
2023-03-13 12:49:04,1,5,2153,6488
2023-03-13 12:49:05,1,4,2153,6488
2023-03-13 12:49:07,1,3,2153,6488
2023-03-13 12:49:27,3,4,2153,6488
2023-03-13 12:49:36,3,5,2153,6616
2023-03-13 12:49:47,2,5,2153,6616
2023-03-13 12:49:47,2,4,2153,6616
2023-03-13 12:50:07,2,5,2153,6616
2023-03-13 12:50:07,2,4,2153,6616
2023-03-13 12:50:27,2,5,2153,6616
2023-03-13 12:50:27,2,4,2153,6616
2023-03-13 12:50:47,2,5,2153,6616
2023-03-13 12:50:47,2,4,2153,6616
2023-03-13 12:51:04,2,5,2153,6616
2023-03-13 12:51:04,2,4,2153,6616
2023-03-13 12:51:05,2,5,2153,6616
2023-03-13 12:51:07,2,4,2153,6616
2023-03-13 12:51:27,2,5,2153,6616
2023-03-13 12:51:27,2,4,2153,6616
2023-03-13 12:51:43,2,5,2153,6616
2023-03-13 12:51:47,2,4,2153,6616
2023-03-13 12:52:07,2,5,2153,6616
2023-03-13 12:52:07,2,4,2153,6616
2023-03-13 12:52:27,2,5,2153,6616
2023-03-13 12:52:27,2,4,2153,6616
2023-03-13 12:52:47,2,5,2153,6616
2023-03-13 12:52:47,2,4,2153,6616
2023-03-13 12:53:07,2,5,2153,6616
2023-03-13 12:53:07,2,4,2153,6616
2023-03-13 12:53:27,2,5,2153,6616
2023-03-13 12:53:27,2,4,2153,6616
2023-03-13 12:53:47,2,5,2153,6616
2023-03-13 12:53:47,2,4,2153,6616
2023-03-13 12:54:05,2,5,2153,6616
2023-03-13 12:54:05,2,4,2153,6616
2023-03-13 12:54:06,2,5,2153,6616
2023-03-13 12:54:07,2,3,2153,6616
2023-03-13 12:54:27,2,5,2153,6616
2023-03-13 12:54:27,2,3,2153,6616
2023-03-13 12:54:47,2,5,2153,6616
2023-03-13 12:54:47,2,3,2153,6616
2023-03-13 12:55:07,2,5,2153,6616
2023-03-13 12:55:07,2,3,2153,6616
2023-03-13 12:55:27,2,5,2153,6616
2023-03-13 12:55:27,2,3,2153,6616
2023-03-13 12:55:45,2,5,2153,6616
2023-03-13 12:55:45,2,4,2153,6616
2023-03-13 12:55:47,2,3,2153,6616
2023-03-13 12:56:02,2,4,2153,6616
2023-03-13 12:56:04,2,5,2153,6616
2023-03-13 12:56:04,2,4,2153,6616
2023-03-13 12:56:07,2,3,2153,6616
2023-03-13 12:56:22,2,4,2153,6616
2023-03-13 12:56:26,2,5,2153,6616
2023-03-13 12:56:27,2,4,2153,6616
2023-03-13 12:56:27,2,3,2153,6616
2023-03-13 12:56:43,2,4,2153,6616
2023-03-13 12:56:43,2,5,2153,6616
2023-03-13 12:56:45,2,4,2153,6616
2023-03-13 12:56:46,2,5,2153,6616
2023-03-13 12:56:46,2,4,2153,6616
2023-03-13 12:56:47,2,5,2153,6616
2023-03-13 12:56:47,2,3,2153,6616
2023-03-13 12:57:04,2,5,2153,6616
2023-03-13 12:57:06,2,4,2153,6616
2023-03-13 12:57:08,2,3,2153,6616
2023-03-13 12:57:27,2,5,2153,6616
2023-03-13 12:57:27,2,3,2153,6616
2023-03-13 12:57:47,2,5,2153,6616
2023-03-13 12:57:47,2,4,2153,6616
2023-03-13 12:58:07,2,5,2153,6616
2023-03-13 12:58:07,2,4,2153,6616
2023-03-13 12:58:27,2,5,2153,6616
2023-03-13 12:58:27,2,4,2153,6616
2023-03-13 12:58:47,2,5,2153,6616
2023-03-13 12:58:47,2,4,2153,6616
2023-03-13 12:59:07,2,5,2153,6616
2023-03-13 12:59:07,2,4,2153,6616
2023-03-13 12:59:27,2,5,2153,6616
2023-03-13 12:59:27,2,4,2153,6616
2023-03-13 12:59:47,2,5,2153,6616
2023-03-13 12:59:47,2,4,2153,6616
2023-03-13 13:00:07,2,5,2153,6616
2023-03-13 13:00:07,2,4,2153,6616
2023-03-13 13:00:27,2,5,2153,6616
2023-03-13 13:00:28,2,4,2153,6616
2023-03-13 13:00:47,2,5,2153,6616
2023-03-13 13:00:47,2,4,2153,6616
2023-03-13 13:01:07,2,5,2153,6616
2023-03-13 13:01:07,2,4,2153,6616
2023-03-13 13:01:27,2,5,2153,6616
2023-03-13 13:01:27,2,4,2153,6616
2023-03-13 13:01:47,3,4,2153,6616
2023-03-13 13:01:47,3,5,2153,6616
2023-03-13 13:01:49,3,4,2153,6616
2023-03-13 13:01:49,3,5,2153,6616
2023-03-13 13:01:49,4,5,2153,6616
2023-03-13 13:02:02,3,5,2153,6616
2023-03-13 13:02:26,3,6,2153,6616
2023-03-13 13:02:27,3,5,2153,6616
2023-03-13 13:02:28,3,4,2153,6616
2023-03-13 13:02:28,3,4,2153,6620
2023-03-13 13:02:28,3,5,2153,6620
2023-03-13 13:02:28,3,4,2153,6620
2023-03-13 13:02:28,3,5,2153,6620
2023-03-13 13:02:47,3,6,2153,6620
2023-03-13 13:02:47,3,5,2153,6620
2023-03-13 13:03:07,3,6,2153,6620
2023-03-13 13:03:07,3,5,2153,6620
2023-03-13 13:03:24,3,6,2153,6620
2023-03-13 13:03:27,3,5,2153,6620
2023-03-13 13:03:47,3,6,2153,6620
2023-03-13 13:03:47,3,5,2153,6620
2023-03-13 13:04:07,3,6,2153,6620
2023-03-13 13:04:07,3,5,2153,6620
2023-03-13 13:04:24,3,6,2153,6620
2023-03-13 13:04:27,3,4,2153,6620
2023-03-13 13:04:47,3,6,2153,6620
2023-03-13 13:04:47,3,4,2153,6620
2023-03-13 13:05:07,3,6,2153,6620
2023-03-13 13:05:07,3,4,2153,6620
2023-03-13 13:05:27,3,6,2153,6620
2023-03-13 13:05:27,3,5,2153,6620
2023-03-13 13:05:47,3,6,2153,6620
2023-03-13 13:05:47,3,5,2153,6620
2023-03-13 13:06:04,3,6,2153,6620
2023-03-13 13:06:07,3,5,2153,6620
2023-03-13 13:06:27,3,6,2153,6620
2023-03-13 13:06:27,3,5,2153,6620
2023-03-13 13:06:45,3,6,2153,6620
2023-03-13 13:06:47,3,4,2153,6620
2023-03-13 13:07:02,4,6,2153,6620
2023-03-13 13:07:02,4,5,2153,6620
2023-03-13 13:07:06,4,6,2153,6620
2023-03-13 13:07:07,3,6,2153,6620
2023-03-13 13:07:07,3,5,2153,6620
2023-03-13 13:07:08,3,5,2153,6639
2023-03-13 13:07:23,3,5,2153,6726
2023-03-13 13:07:23,3,5,2153,6726
2023-03-13 13:07:27,4,5,2153,6726
2023-03-13 13:07:29,3,5,2157,6730
2023-03-13 13:07:29,3,4,2157,6730
2023-03-13 13:07:32,3,4,2157,6743
2023-03-13 13:07:34,4,5,2161,6747
2023-03-13 13:07:34,4,5,2204,6790
2023-03-13 13:07:41,3,5,2204,6790
2023-03-13 13:07:41,3,4,2204,6790
2023-03-13 13:07:43,4,5,2239,6825
2023-03-13 13:07:49,3,5,2239,6825
2023-03-13 13:07:49,3,4,2239,6825
2023-03-13 13:07:50,3,4,2439,7025
2023-03-13 13:07:54,4,5,2559,7145
2023-03-13 13:08:00,3,5,2559,7145
2023-03-13 13:08:03,3,6,2559,7145
2023-03-13 13:08:03,3,5,2559,7145
2023-03-13 13:08:03,3,4,2559,7145
2023-03-13 13:08:18,2,4,2559,7145
2023-03-13 13:08:31,2,4,2559,7176
2023-03-13 13:08:46,2,4,2559,7194
2023-03-13 13:09:21,2,4,2559,7243
2023-03-13 13:09:21,2,3,2559,7243
2023-03-13 13:09:25,2,5,2559,7243
2023-03-13 13:09:27,2,4,2559,7243
2023-03-13 13:09:28,2,3,2559,7243
2023-03-13 13:09:47,2,4,2559,7243
2023-03-13 13:09:47,2,3,2559,7243
2023-03-13 13:10:07,2,4,2559,7243
2023-03-13 13:10:07,2,3,2559,7243
2023-03-13 13:10:27,2,4,2559,7243
2023-03-13 13:10:27,2,3,2559,7243
2023-03-13 13:10:47,2,4,2559,7243
2023-03-13 13:10:47,2,3,2559,7243
2023-03-13 13:11:07,2,4,2559,7243
2023-03-13 13:11:08,2,3,2559,7243
2023-03-13 13:11:27,2,4,2559,7243
2023-03-13 13:11:27,2,3,2559,7243
2023-03-13 13:11:47,2,4,2559,7243
2023-03-13 13:11:47,2,3,2559,7243
2023-03-13 13:12:07,2,4,2559,7243
2023-03-13 13:12:07,2,3,2559,7243
2023-03-13 13:12:27,2,4,2559,7243
2023-03-13 13:12:27,2,3,2559,7243
2023-03-13 13:12:41,1,3,2559,7243
2023-03-13 13:13:04,1,4,2559,7243
2023-03-13 13:13:07,1,3,2559,7243
2023-03-13 13:13:47,1,4,2559,7243
2023-03-13 13:13:47,1,3,2559,7243
2023-03-13 13:14:07,1,4,2559,7243
2023-03-13 13:14:07,1,3,2559,7243
2023-03-13 13:14:27,1,4,2559,7243
2023-03-13 13:14:27,1,3,2559,7243
2023-03-13 13:14:47,1,4,2559,7243
2023-03-13 13:14:47,1,3,2559,7243
2023-03-13 13:15:08,1,4,2559,7243
2023-03-13 13:15:08,1,3,2559,7243
2023-03-13 13:15:27,1,4,2559,7243
2023-03-13 13:15:27,1,3,2559,7243
2023-03-13 13:15:47,1,4,2559,7243
2023-03-13 13:15:47,1,3,2559,7243
2023-03-13 13:16:08,1,4,2559,7243
2023-03-13 13:16:08,1,3,2559,7243
2023-03-13 13:16:25,1,4,2559,7243
2023-03-13 13:16:27,1,3,2559,7243
2023-03-13 13:16:44,1,4,2559,7243
2023-03-13 13:16:47,1,3,2559,7243
2023-03-13 13:17:02,1,4,2559,7243
2023-03-13 13:17:02,1,3,2559,7243
2023-03-13 13:17:07,1,4,2559,7243
2023-03-13 13:17:24,1,4,2559,7243
2023-03-13 13:17:27,1,3,2559,7243
2023-03-13 13:17:42,1,4,2559,7243
2023-03-13 13:17:47,1,3,2559,7243
2023-03-13 13:18:02,1,4,2559,7243
2023-03-13 13:18:07,1,3,2559,7243
2023-03-13 13:18:22,1,4,2559,7243
2023-03-13 13:18:27,1,3,2559,7243
2023-03-13 13:18:42,1,4,2559,7243
2023-03-13 13:18:42,1,3,2559,7243
2023-03-13 13:18:45,1,4,2559,7243
2023-03-13 13:18:46,1,3,2559,7243
2023-03-13 13:19:02,1,4,2559,7243
2023-03-13 13:19:07,1,3,2559,7243
2023-03-13 13:20:26,1,4,2559,7243
2023-03-13 13:20:27,1,3,2559,7243
2023-03-13 13:20:47,1,4,2559,7243
2023-03-13 13:20:47,1,3,2559,7243
2023-03-13 13:21:27,1,4,2559,7243
2023-03-13 13:21:27,1,3,2559,7243
2023-03-13 13:21:47,1,4,2559,7243
2023-03-13 13:21:47,1,3,2559,7243
2023-03-13 13:22:07,1,4,2559,7243
2023-03-13 13:22:08,1,3,2559,7243
2023-03-13 13:22:27,1,4,2559,7243
2023-03-13 13:22:27,1,3,2559,7243
2023-03-13 13:22:45,1,4,2559,7243
2023-03-13 13:22:47,1,3,2559,7243
2023-03-13 13:23:07,1,4,2559,7243
2023-03-13 13:23:08,1,3,2559,7243
2023-03-13 13:23:27,1,4,2559,7243
2023-03-13 13:23:27,1,3,2559,7243
2023-03-13 13:23:47,1,4,2559,7243
2023-03-13 13:23:47,1,3,2559,7243
2023-03-13 13:24:07,1,4,2559,7243
2023-03-13 13:24:07,1,3,2559,7243
2023-03-13 13:24:27,1,4,2559,7243
2023-03-13 13:24:27,1,3,2559,7243
2023-03-13 13:24:48,1,4,2559,7243
2023-03-13 13:24:48,1,3,2559,7243
2023-03-13 13:25:07,1,4,2559,7243
2023-03-13 13:25:07,1,3,2559,7243
2023-03-13 13:25:28,1,4,2559,7243
2023-03-13 13:25:28,1,3,2559,7243
2023-03-13 13:25:47,2,4,2559,7243
2023-03-13 13:26:46,1,4,2559,7243
2023-03-13 13:26:48,1,3,2559,7243
2023-03-13 13:27:07,1,4,2559,7243
2023-03-13 13:27:07,1,3,2559,7243
2023-03-13 13:27:27,1,4,2559,7243
2023-03-13 13:27:27,1,3,2559,7243
2023-03-13 13:27:47,2,4,2559,7243
2023-03-13 13:28:27,1,4,2559,7243
2023-03-13 13:28:27,1,3,2559,7243
2023-03-13 13:28:47,1,4,2559,7243
2023-03-13 13:28:47,1,3,2559,7243
2023-03-13 13:29:07,1,4,2559,7243
2023-03-13 13:29:07,1,3,2559,7243
2023-03-13 13:29:27,1,4,2559,7243
2023-03-13 13:29:28,1,3,2559,7243
2023-03-13 13:30:07,1,4,2559,7243
2023-03-13 13:30:07,1,3,2559,7243
2023-03-13 13:30:27,1,4,2559,7243
2023-03-13 13:30:27,1,3,2559,7243
2023-03-13 13:30:47,1,4,2559,7243
2023-03-13 13:30:47,1,3,2559,7243
2023-03-13 13:31:06,1,4,2559,7243
2023-03-13 13:31:08,1,3,2559,7243
2023-03-13 13:31:25,1,4,2559,7243
2023-03-13 13:31:27,1,3,2559,7243
2023-03-13 13:31:45,1,4,2559,7243
2023-03-13 13:31:48,1,3,2559,7243
2023-03-13 13:32:03,1,4,2559,7243
2023-03-13 13:32:07,1,3,2559,7243
2023-03-13 13:32:22,1,4,2559,7243
2023-03-13 13:32:27,1,3,2559,7243
2023-03-13 13:32:48,1,4,2559,7243
2023-03-13 13:32:48,1,3,2559,7243
2023-03-13 13:33:06,1,4,2559,7243
2023-03-13 13:33:07,1,3,2559,7243
2023-03-13 13:33:25,1,4,2559,7243
2023-03-13 13:33:28,1,3,2559,7243
2023-03-13 13:33:43,1,4,2559,7243
2023-03-13 13:33:47,1,3,2559,7243
2023-03-13 13:34:07,1,4,2559,7243
2023-03-13 13:34:07,1,3,2559,7243
2023-03-13 13:34:27,1,4,2559,7243
2023-03-13 13:34:27,1,3,2559,7243
2023-03-13 13:34:47,1,4,2559,7243
2023-03-13 13:34:47,1,3,2559,7243
2023-03-13 13:35:07,2,4,2559,7243
2023-03-13 13:35:10,2,3,2559,7243
2023-03-13 13:35:11,2,4,2559,7243
2023-03-13 13:35:23,1,3,2559,7243
2023-03-13 13:35:25,1,4,2559,7243
2023-03-13 13:35:27,2,4,2559,7243
2023-03-13 13:35:37,2,3,2559,7243
2023-03-13 13:35:43,1,3,2559,7243
2023-03-13 13:35:43,1,4,2559,7243
2023-03-13 13:35:44,1,3,2559,7243
2023-03-13 13:35:44,1,4,2559,7243
2023-03-13 13:35:44,1,3,2559,7243
2023-03-13 13:35:45,1,4,2559,7243
2023-03-13 13:35:47,1,3,2559,7243
2023-03-13 13:36:04,1,4,2559,7243
2023-03-13 13:36:05,1,3,2559,7243
2023-03-13 13:36:07,1,4,2559,7243
2023-03-13 13:36:07,1,3,2559,7243
2023-03-13 13:36:23,1,4,2559,7243
2023-03-13 13:36:25,1,4,2560,7244
2023-03-13 13:36:28,1,3,2560,7244
2023-03-13 13:36:43,1,4,2560,7244
2023-03-13 13:36:47,1,3,2560,7244
2023-03-13 13:37:03,1,4,2560,7244
2023-03-13 13:37:07,1,3,2560,7244
2023-03-13 13:37:22,1,4,2560,7244
2023-03-13 13:37:26,1,3,2560,7244
2023-03-13 13:38:26,1,4,2560,7244
2023-03-13 13:38:26,1,3,2560,7244
2023-03-13 13:38:42,1,3,2616,7300
2023-03-13 13:38:42,1,3,2672,7356
2023-03-13 13:38:42,1,4,2672,7356
2023-03-13 13:38:42,1,3,2672,7356
2023-03-13 13:38:43,1,4,2672,7356
2023-03-13 13:38:43,1,3,2672,7356
2023-03-13 13:38:43,1,4,2672,7356
2023-03-13 13:38:46,1,3,2672,7356
2023-03-13 13:39:02,1,4,2672,7356
2023-03-13 13:39:07,1,3,2672,7356
2023-03-13 13:39:46,1,5,2672,7356
2023-03-13 13:39:47,1,3,2672,7356
2023-03-13 13:40:06,1,5,2672,7356
2023-03-13 13:40:07,1,3,2672,7356
2023-03-13 13:40:22,1,11,2672,7356
2023-03-13 13:40:22,1,16,2672,7356
2023-03-13 13:40:22,1,21,2672,7356
2023-03-13 13:40:22,1,26,2672,7356
2023-03-13 13:40:22,1,31,2672,7356
2023-03-13 13:40:22,1,50,2672,7356
2023-03-13 13:40:22,1,10,2672,7356
2023-03-13 13:40:23,1,50,2672,7356
2023-03-13 13:40:23,1,49,2672,7356
2023-03-13 13:40:23,1,9,2672,7356
2023-03-13 13:40:23,1,50,2672,7356
2023-03-13 13:40:23,1,49,2672,7356
2023-03-13 13:40:27,1,3,2672,7356
2023-03-13 13:40:42,1,49,2672,7356
2023-03-13 13:40:47,1,3,2672,7356
2023-03-13 13:41:02,1,49,2672,7356
2023-03-13 13:41:07,1,3,2672,7356
2023-03-13 13:41:22,1,49,2672,7356
2023-03-13 13:41:27,1,3,2672,7356
2023-03-13 13:41:42,1,49,2672,7356
2023-03-13 13:41:47,1,3,2672,7356
2023-03-13 13:42:02,1,49,2672,7356
2023-03-13 13:42:07,1,3,2672,7356
2023-03-13 13:42:22,1,49,2672,7356
2023-03-13 13:42:23,1,6,2672,7356
2023-03-13 13:42:26,1,5,2672,7356
2023-03-13 13:42:27,1,3,2672,7356
2023-03-13 13:42:46,1,5,2672,7356
2023-03-13 13:42:47,1,3,2672,7356
2023-03-13 13:43:42,1,5,2672,7356
2023-03-13 13:43:47,1,3,2672,7356
2023-03-13 13:43:49,1,2,2672,7356
2023-03-13 13:43:49,1,3,2672,7356
2023-03-13 13:44:02,1,5,2672,7356
2023-03-13 13:44:04,1,6,2672,7356
2023-03-13 13:44:07,1,3,2672,7356
2023-03-13 13:44:42,1,5,2672,7356
2023-03-13 13:44:44,1,4,2672,7356
2023-03-13 13:44:46,1,5,2672,7356
2023-03-13 13:44:46,1,4,2672,7356
2023-03-13 13:44:47,1,3,2672,7356
2023-03-13 13:45:02,1,4,2672,7356
2023-03-13 13:45:04,1,5,2672,7356
2023-03-13 13:45:07,1,3,2672,7356
2023-03-13 13:45:42,1,4,2672,7356
2023-03-13 13:45:42,1,5,2672,7356
2023-03-13 13:45:46,1,5,2672,7356
2023-03-13 13:45:46,1,4,2672,7356
2023-03-13 13:45:47,1,3,2672,7356
2023-03-13 13:46:02,1,4,2672,7356
2023-03-13 13:46:05,1,5,2672,7356
2023-03-13 13:46:06,1,5,2672,7356
2023-03-13 13:46:06,1,4,2672,7356
2023-03-13 13:46:07,1,3,2672,7356
2023-03-13 13:46:22,1,4,2672,7356
2023-03-13 13:46:27,1,3,2672,7356
2023-03-13 13:46:42,1,4,2672,7356
2023-03-13 13:46:46,1,5,2672,7356
2023-03-13 13:46:46,1,4,2672,7356
2023-03-13 13:46:47,1,3,2672,7356
2023-03-13 13:47:02,1,4,2672,7356
2023-03-13 13:47:06,1,5,2672,7356
2023-03-13 13:47:07,1,4,2672,7356
2023-03-13 13:47:07,1,3,2672,7356
2023-03-13 13:47:22,1,4,2672,7356
2023-03-13 13:47:27,1,4,2739,7423
2023-03-13 13:47:27,1,5,2739,7423
2023-03-13 13:47:27,1,4,2739,7423
2023-03-13 13:47:27,1,4,2782,7466
2023-03-13 13:47:27,1,5,2782,7466
2023-03-13 13:47:27,1,3,2782,7466
2023-03-13 13:47:46,1,4,2782,7466
2023-03-13 13:47:47,1,3,2782,7466
2023-03-13 13:49:44,1,5,2782,7466
2023-03-13 13:49:45,1,6,2782,7466
2023-03-13 13:49:47,1,3,2782,7466
2023-03-13 13:50:02,1,5,2782,7466
2023-03-13 13:50:07,1,3,2782,7466
2023-03-13 13:50:22,1,5,2782,7466
2023-03-13 13:50:26,1,6,2782,7466
2023-03-13 13:50:27,1,3,2782,7466
2023-03-13 13:50:42,1,5,2782,7466
2023-03-13 13:50:46,1,6,2782,7466
2023-03-13 13:50:48,1,3,2782,7466
2023-03-13 13:51:02,1,5,2782,7466
2023-03-13 13:51:07,1,6,2782,7466
2023-03-13 13:51:07,1,3,2782,7466
2023-03-13 13:51:22,1,5,2782,7466
2023-03-13 13:51:25,1,6,2782,7466
2023-03-13 13:51:25,1,5,2782,7466
2023-03-13 13:51:27,1,3,2782,7466
2023-03-13 13:51:42,1,5,2782,7466
2023-03-13 13:51:47,1,3,2782,7466
2023-03-13 13:52:02,1,5,2782,7466
2023-03-13 13:52:05,1,6,2782,7466
2023-03-13 13:52:07,1,3,2782,7466
2023-03-13 13:52:42,1,5,2782,7466
2023-03-13 13:52:43,1,6,2782,7466
2023-03-13 13:52:43,1,5,2782,7466
2023-03-13 13:52:47,1,6,2782,7466
2023-03-13 13:52:47,1,5,2782,7466
2023-03-13 13:52:47,1,3,2782,7466
2023-03-13 13:53:02,1,5,2782,7466
2023-03-13 13:53:06,1,6,2782,7466
2023-03-13 13:53:06,1,5,2782,7466
2023-03-13 13:53:07,1,6,2782,7466
2023-03-13 13:53:07,1,3,2782,7466
2023-03-13 13:53:22,1,5,2782,7466
2023-03-13 13:53:27,1,3,2782,7466
2023-03-13 13:53:42,1,5,2782,7466
2023-03-13 13:53:47,1,3,2782,7466
2023-03-13 13:54:06,1,5,2782,7466
2023-03-13 13:54:07,1,3,2782,7466
2023-03-13 13:54:22,1,5,2782,7466
2023-03-13 13:54:27,1,3,2782,7466
2023-03-13 13:54:42,1,5,2782,7466
2023-03-13 13:54:48,1,3,2782,7466
2023-03-13 13:55:03,1,4,2782,7466
2023-03-13 13:55:06,1,5,2782,7466
2023-03-13 13:55:07,1,3,2782,7466
2023-03-13 13:55:23,1,4,2782,7466
2023-03-13 13:55:26,1,5,2782,7466
2023-03-13 13:55:27,1,4,2782,7466
2023-03-13 13:55:27,1,3,2782,7466
2023-03-13 13:55:42,1,4,2782,7466
2023-03-13 13:55:47,1,3,2782,7466
2023-03-13 13:56:02,1,4,2782,7466
2023-03-13 13:56:04,1,5,2782,7466
2023-03-13 13:56:06,1,5,2782,7466
2023-03-13 13:56:06,1,4,2782,7466
2023-03-13 13:56:07,1,3,2782,7466
2023-03-13 13:56:19,1,3,2804,7488
2023-03-13 13:56:22,1,4,2804,7488
2023-03-13 13:56:26,1,5,2804,7488
2023-03-13 13:56:26,1,4,2804,7488
2023-03-13 13:56:27,1,3,2804,7488
2023-03-13 13:56:28,1,3,2835,7519
2023-03-13 13:56:42,1,4,2835,7519
2023-03-13 13:56:47,1,3,2835,7519
2023-03-13 13:57:02,1,4,2835,7519
2023-03-13 13:57:07,1,3,2835,7519
2023-03-13 13:57:22,1,4,2835,7519
2023-03-13 13:57:27,1,3,2835,7519
2023-03-13 13:57:42,1,4,2835,7519
2023-03-13 13:57:47,1,3,2835,7519
2023-03-13 13:58:02,1,4,2835,7519
2023-03-13 13:58:02,1,5,2835,7519
2023-03-13 13:58:07,1,3,2835,7519
2023-03-13 13:58:22,1,4,2835,7519
2023-03-13 13:58:27,1,3,2835,7519
2023-03-13 13:58:41,1,4,2835,7519
2023-03-13 13:58:47,1,3,2835,7519
2023-03-13 13:59:02,1,4,2835,7519
2023-03-13 13:59:07,1,3,2835,7519
2023-03-13 13:59:23,1,4,2835,7519
2023-03-13 13:59:27,1,3,2835,7519
2023-03-13 13:59:42,1,4,2835,7519
2023-03-13 13:59:44,1,3,2835,7519
2023-03-13 14:00:05,1,4,2835,7519
2023-03-13 14:00:06,1,4,2835,7519
2023-03-13 14:00:07,1,3,2835,7519
2023-03-13 14:00:25,1,4,2835,7519
2023-03-13 14:00:27,1,3,2835,7519
2023-03-13 14:00:45,1,4,2835,7519
2023-03-13 14:01:16,1,3,2963,7647
2023-03-13 14:01:16,1,3,3091,7775
2023-03-13 14:02:47,1,2,3091,7775
2023-03-13 14:02:47,1,2,3145,7829
2023-03-13 14:02:47,1,3,3145,7829
2023-03-13 14:02:47,1,2,3145,7829
2023-03-13 14:02:47,1,2,3231,7915
2023-03-13 14:02:47,1,3,3231,7915
2023-03-13 14:02:47,1,2,3231,7915
2023-03-13 14:02:47,1,2,3264,7948
2023-03-13 14:02:47,1,2,3350,8034
2023-03-13 14:02:47,1,2,3350,8034
2023-03-13 14:02:47,1,3,3350,8034
2023-03-13 14:19:11,1,2,3350,8034
2023-03-13 14:19:17,1,3,3350,8034
2023-03-13 14:19:17,1,3,3354,8038
2023-03-13 14:20:09,1,3,3394,8078
2023-03-13 14:20:09,1,3,3434,8118
2023-03-13 14:24:46,1,2,3434,8118
2023-03-13 14:24:49,1,3,3434,8118
2023-03-13 14:25:20,1,2,3434,8118
2023-03-13 14:25:20,1,2,3447,8131
2023-03-13 14:25:20,1,3,3447,8131
2023-03-13 14:25:26,0,3,3447,8131
2023-03-13 14:28:44,0,2,3447,8131
2023-03-13 14:28:51,0,3,3447,8131
2023-03-13 14:32:32,0,1,3447,8131
2023-03-13 15:34:28,0,1,3447,8132
