datetime,bid,ask,open_interest,volume
2023-03-13 09:31:03,0,23,656,784
2023-03-13 09:31:03,19,23,656,784
2023-03-13 09:34:09,10,19,656,799
2023-03-13 09:34:31,10,23,656,799
2023-03-13 09:34:33,5,23,656,799
2023-03-13 09:34:33,1,23,656,799
2023-03-13 09:34:33,0,23,656,799
2023-03-13 09:35:31,11,23,656,799
2023-03-13 09:35:53,11,23,671,927
2023-03-13 09:35:53,19,23,671,927
2023-03-13 09:36:02,11,19,656,957
2023-03-13 09:37:19,11,23,656,958
2023-03-13 09:38:08,22,23,656,958
2023-03-13 09:38:19,11,22,751,1086
2023-03-13 09:39:48,11,23,751,1086
2023-03-13 09:39:59,22,23,751,1086
2023-03-13 09:40:20,11,22,879,1214
2023-03-13 09:40:28,21,23,879,1214
2023-03-13 09:40:49,11,21,1007,1342
2023-03-13 09:40:59,20,23,1007,1342
2023-03-13 09:41:02,20,21,1007,1342
2023-03-13 09:41:25,11,20,1135,1470
2023-03-13 09:41:38,18,23,1135,1470
2023-03-13 09:41:48,18,20,1135,1470
2023-03-13 09:42:13,18,23,1135,1470
2023-03-13 09:42:14,18,22,1135,1470
2023-03-13 09:43:02,18,23,1135,1470
2023-03-13 09:46:48,18,22,1135,1470
2023-03-13 09:46:48,18,21,1135,1470
2023-03-13 09:46:48,18,19,1135,1470
2023-03-13 09:47:04,18,23,1135,1470
2023-03-13 09:47:05,18,21,1135,1470
2023-03-13 09:47:12,19,21,1135,1470
2023-03-13 09:47:33,18,21,1135,1470
2023-03-13 09:47:33,18,22,1135,1470
2023-03-13 09:47:33,18,19,1135,1470
2023-03-13 09:47:41,18,21,1135,1470
2023-03-13 09:47:41,18,19,1135,1470
2023-03-13 09:48:06,18,21,1135,1470
2023-03-13 09:48:06,18,19,1135,1470
2023-03-13 09:48:13,18,21,1135,1470
2023-03-13 09:48:13,18,19,1135,1470
2023-03-13 09:48:42,17,19,1135,1470
2023-03-13 09:48:56,17,22,1135,1470
2023-03-13 09:48:56,17,23,1135,1470
2023-03-13 09:48:56,17,21,1135,1470
2023-03-13 09:48:56,17,19,1135,1470
2023-03-13 09:49:24,15,19,1135,1470
2023-03-13 09:49:24,15,20,1135,1470
2023-03-13 09:49:25,17,20,1135,1470
2023-03-13 09:49:25,17,19,1135,1470
2023-03-13 09:49:35,15,19,1135,1470
2023-03-13 09:49:35,15,20,1135,1470
2023-03-13 09:49:35,16,20,1135,1470
2023-03-13 09:49:35,16,19,1135,1470
2023-03-13 09:50:04,16,21,1135,1470
2023-03-13 09:50:05,16,18,1135,1470
2023-03-13 09:50:14,15,18,1135,1470
2023-03-13 09:50:14,15,20,1135,1470
2023-03-13 09:50:14,15,21,1135,1470
2023-03-13 09:50:14,15,20,1135,1470
2023-03-13 09:50:15,16,20,1135,1470
2023-03-13 09:50:15,16,19,1135,1470
2023-03-13 09:50:28,13,19,1135,1470
2023-03-13 09:50:28,13,21,1135,1470
2023-03-13 09:50:28,13,20,1135,1470
2023-03-13 09:50:28,15,20,1135,1470
2023-03-13 09:50:28,16,20,1135,1470
2023-03-13 09:50:28,16,18,1135,1470
2023-03-13 09:50:35,13,18,1135,1470
2023-03-13 09:50:35,13,20,1135,1470
2023-03-13 09:50:35,14,20,1135,1470
2023-03-13 09:50:35,16,20,1135,1470
2023-03-13 09:50:35,16,18,1135,1470
2023-03-13 09:50:42,14,18,1135,1470
2023-03-13 09:50:42,14,20,1135,1470
2023-03-13 09:50:43,15,20,1135,1470
2023-03-13 09:50:43,16,20,1135,1470
2023-03-13 09:50:43,16,18,1135,1470
2023-03-13 09:51:03,13,18,1135,1470
2023-03-13 09:51:03,13,20,1135,1470
2023-03-13 09:51:03,15,20,1135,1470
2023-03-13 09:51:03,15,18,1135,1470
2023-03-13 09:51:14,15,20,1135,1470
2023-03-13 09:51:14,15,21,1135,1470
2023-03-13 09:51:15,16,21,1135,1470
2023-03-13 09:51:15,16,18,1135,1470
2023-03-13 09:51:30,14,18,1135,1470
2023-03-13 09:51:30,14,21,1135,1470
2023-03-13 09:51:30,15,21,1135,1470
2023-03-13 09:51:30,15,20,1135,1470
2023-03-13 09:51:30,15,17,1135,1470
2023-03-13 09:51:50,14,17,1135,1470
2023-03-13 09:51:50,14,20,1135,1470
2023-03-13 09:51:50,14,21,1135,1470
2023-03-13 09:51:51,15,21,1135,1470
2023-03-13 09:51:51,15,19,1135,1470
2023-03-13 09:51:51,15,17,1135,1470
2023-03-13 09:52:20,14,17,1135,1470
2023-03-13 09:52:32,14,16,1135,1470
2023-03-13 09:52:38,13,16,1135,1470
2023-03-13 09:52:38,14,16,1135,1470
2023-03-13 09:52:51,13,16,1135,1470
2023-03-13 09:52:51,12,16,1135,1470
2023-03-13 09:52:51,12,18,1135,1470
2023-03-13 09:52:51,12,21,1135,1470
2023-03-13 09:52:51,14,21,1135,1470
2023-03-13 09:52:52,14,19,1135,1470
2023-03-13 09:52:52,14,17,1135,1470
2023-03-13 09:53:19,14,19,1135,1470
2023-03-13 09:53:19,14,21,1135,1470
2023-03-13 09:53:19,15,21,1135,1470
2023-03-13 09:53:19,15,20,1135,1470
2023-03-13 09:53:19,15,17,1135,1470
2023-03-13 09:53:35,14,17,1135,1470
2023-03-13 09:53:35,14,20,1135,1470
2023-03-13 09:53:35,15,20,1135,1470
2023-03-13 09:53:35,15,18,1135,1470
2023-03-13 09:53:39,16,18,1135,1470
2023-03-13 09:53:43,16,21,1135,1470
2023-03-13 09:53:43,16,20,1135,1470
2023-03-13 09:53:43,16,19,1135,1470
2023-03-13 09:53:43,16,17,1135,1470
2023-03-13 09:53:51,16,19,1135,1470
2023-03-13 09:53:52,16,21,1135,1470
2023-03-13 09:53:52,16,20,1135,1470
2023-03-13 09:53:52,16,18,1135,1470
2023-03-13 09:53:59,16,20,1135,1470
2023-03-13 09:53:59,16,19,1135,1470
2023-03-13 09:53:59,16,17,1135,1470
2023-03-13 09:54:20,15,17,1135,1470
2023-03-13 09:54:26,15,20,1135,1470
2023-03-13 09:54:27,15,19,1135,1470
2023-03-13 09:54:27,15,17,1135,1470
2023-03-13 09:54:44,15,19,1135,1470
2023-03-13 09:54:44,15,17,1135,1470
2023-03-13 09:54:51,14,17,1135,1470
2023-03-13 09:54:51,14,19,1135,1470
2023-03-13 09:54:51,15,19,1135,1470
2023-03-13 09:54:51,15,17,1135,1470
2023-03-13 09:55:19,15,19,1135,1470
2023-03-13 09:55:20,15,17,1135,1470
2023-03-13 09:55:32,15,19,1135,1470
2023-03-13 09:55:32,15,17,1135,1470
2023-03-13 09:55:46,14,17,1135,1470
2023-03-13 09:55:46,14,19,1135,1470
2023-03-13 09:55:46,14,21,1135,1470
2023-03-13 09:55:47,14,20,1135,1470
2023-03-13 09:55:47,14,17,1135,1470
2023-03-13 09:56:27,13,17,1135,1470
2023-03-13 09:56:27,13,19,1135,1470
2023-03-13 09:56:27,13,21,1135,1470
2023-03-13 09:56:27,13,20,1135,1470
2023-03-13 09:56:27,13,21,1135,1470
2023-03-13 09:56:27,14,21,1135,1470
2023-03-13 09:56:27,14,16,1135,1470
2023-03-13 09:56:36,13,16,1135,1470
2023-03-13 09:56:36,13,18,1135,1470
2023-03-13 09:56:36,14,18,1135,1470
2023-03-13 09:56:36,14,16,1135,1470
2023-03-13 09:56:45,13,16,1135,1470
2023-03-13 09:56:45,13,18,1135,1470
2023-03-13 09:56:45,14,18,1135,1470
2023-03-13 09:56:45,14,16,1135,1470
2023-03-13 09:56:53,13,16,1135,1470
2023-03-13 09:56:53,13,17,1135,1470
2023-03-13 09:56:54,14,17,1135,1470
2023-03-13 09:56:54,14,16,1135,1470
2023-03-13 09:57:15,14,15,1135,1470
2023-03-13 09:57:19,13,15,1135,1634
2023-03-13 09:57:20,12,15,1135,1634
2023-03-13 09:57:20,10,15,1135,1634
2023-03-13 09:57:21,13,15,1135,1634
2023-03-13 09:57:45,13,16,1135,1634
2023-03-13 09:57:45,13,15,1135,1634
2023-03-13 09:57:48,12,15,1135,1634
2023-03-13 09:57:48,11,15,1135,1634
2023-03-13 09:57:49,11,19,1135,1634
2023-03-13 09:57:49,11,18,1135,1634
2023-03-13 09:57:49,13,18,1135,1634
2023-03-13 09:57:49,13,15,1135,1634
2023-03-13 09:57:49,13,14,1135,1634
2023-03-13 09:57:56,13,14,1135,1639
2023-03-13 09:58:06,13,15,1135,1639
2023-03-13 09:58:06,13,14,1135,1639
2023-03-13 09:58:22,13,15,1135,1639
2023-03-13 09:58:32,13,14,1135,1639
2023-03-13 09:58:37,12,14,1135,1639
2023-03-13 09:58:37,11,14,1135,1639
2023-03-13 09:58:38,11,15,1135,1639
2023-03-13 09:58:38,13,15,1135,1639
2023-03-13 09:58:38,13,14,1135,1639
2023-03-13 09:58:42,13,14,1135,1651
2023-03-13 09:58:47,10,14,1135,1651
2023-03-13 09:58:47,11,14,1135,1651
2023-03-13 09:58:47,12,14,1135,1651
2023-03-13 09:59:19,13,14,1135,1651
2023-03-13 10:00:01,14,15,1007,1779
2023-03-13 10:00:19,13,15,1007,1779
2023-03-13 10:00:19,13,17,1007,1779
2023-03-13 10:00:19,13,18,1007,1779
2023-03-13 10:00:19,13,19,1007,1779
2023-03-13 10:00:20,14,19,1007,1779
2023-03-13 10:00:20,14,16,1007,1779
2023-03-13 10:00:27,14,18,1007,1779
2023-03-13 10:00:27,14,17,1007,1779
2023-03-13 10:00:35,14,18,1007,1779
2023-03-13 10:00:35,14,16,1007,1779
2023-03-13 10:00:44,14,18,1007,1779
2023-03-13 10:00:45,14,16,1007,1779
2023-03-13 10:00:55,14,18,1007,1779
2023-03-13 10:00:55,14,19,1007,1779
2023-03-13 10:00:56,14,16,1007,1779
2023-03-13 10:01:04,14,18,1007,1779
2023-03-13 10:01:04,14,16,1007,1779
2023-03-13 10:01:23,13,16,1007,1779
2023-03-13 10:01:24,14,16,1007,1779
2023-03-13 10:01:33,13,16,1007,1779
2023-03-13 10:01:33,13,19,1007,1779
2023-03-13 10:01:34,14,19,1007,1779
2023-03-13 10:01:34,14,18,1007,1779
2023-03-13 10:01:34,14,16,1007,1779
2023-03-13 10:01:40,13,16,1007,1779
2023-03-13 10:01:40,13,19,1007,1779
2023-03-13 10:01:41,14,19,1007,1779
2023-03-13 10:01:41,14,18,1007,1779
2023-03-13 10:01:41,14,16,1007,1779
2023-03-13 10:01:51,13,16,1007,1779
2023-03-13 10:01:51,13,18,1007,1779
2023-03-13 10:01:51,14,18,1007,1779
2023-03-13 10:01:51,14,16,1007,1779
2023-03-13 10:01:52,15,16,1007,1779
2023-03-13 10:02:31,15,20,1007,1779
2023-03-13 10:02:32,15,19,1007,1779
2023-03-13 10:02:32,15,18,1007,1779
2023-03-13 10:02:32,15,16,1007,1779
2023-03-13 10:02:47,15,16,1086,1858
2023-03-13 10:02:52,15,21,1086,1858
2023-03-13 10:02:53,15,20,1086,1858
2023-03-13 10:02:53,15,21,1086,1858
2023-03-13 10:02:53,15,18,1086,1858
2023-03-13 10:02:54,15,16,1086,1858
2023-03-13 10:03:22,14,16,1086,1858
2023-03-13 10:03:24,14,18,1086,1858
2023-03-13 10:03:24,14,16,1086,1858
2023-03-13 10:03:30,14,18,1086,1858
2023-03-13 10:03:30,14,16,1086,1858
2023-03-13 10:03:44,13,16,1086,1858
2023-03-13 10:03:44,13,18,1086,1858
2023-03-13 10:03:45,13,19,1086,1858
2023-03-13 10:03:45,14,19,1086,1858
2023-03-13 10:03:45,14,16,1086,1858
2023-03-13 10:04:19,13,16,1086,1858
2023-03-13 10:04:19,13,18,1086,1858
2023-03-13 10:04:19,13,19,1086,1858
2023-03-13 10:04:20,13,17,1086,1858
2023-03-13 10:04:21,14,17,1086,1858
2023-03-13 10:04:21,14,16,1086,1858
2023-03-13 10:04:42,13,16,1086,1858
2023-03-13 10:04:43,14,16,1086,1858
2023-03-13 10:04:52,13,16,1086,1858
2023-03-13 10:04:52,13,19,1086,1858
2023-03-13 10:04:53,13,18,1086,1858
2023-03-13 10:04:53,13,16,1086,1858
2023-03-13 10:05:19,14,16,1086,1858
2023-03-13 10:05:28,14,18,1086,1858
2023-03-13 10:05:28,14,16,1086,1858
2023-03-13 10:06:07,15,16,1086,1858
2023-03-13 10:06:20,15,19,1086,1858
2023-03-13 10:06:21,15,18,1086,1858
2023-03-13 10:06:22,15,16,1086,1858
2023-03-13 10:06:43,15,21,1086,1858
2023-03-13 10:06:43,15,20,1086,1858
2023-03-13 10:06:43,15,21,1086,1858
2023-03-13 10:06:44,15,19,1086,1858
2023-03-13 10:06:44,15,18,1086,1858
2023-03-13 10:06:44,15,16,1086,1858
2023-03-13 10:07:17,15,21,1086,1858
2023-03-13 10:07:17,15,20,1086,1858
2023-03-13 10:07:17,15,21,1086,1858
2023-03-13 10:07:18,15,19,1086,1858
2023-03-13 10:07:18,15,18,1086,1858
2023-03-13 10:07:18,15,16,1086,1858
2023-03-13 10:07:29,15,18,1086,1858
2023-03-13 10:07:29,15,20,1086,1858
2023-03-13 10:07:29,16,20,1086,1858
2023-03-13 10:07:29,16,21,1086,1858
2023-03-13 10:07:29,16,19,1086,1858
2023-03-13 10:07:29,16,19,1113,1885
2023-03-13 10:07:29,16,18,1113,1885
2023-03-13 10:07:36,15,18,1113,1885
2023-03-13 10:07:36,15,19,1113,1885
2023-03-13 10:07:36,15,17,1113,1885
2023-03-13 10:07:43,15,19,1113,1885
2023-03-13 10:07:43,15,20,1113,1885
2023-03-13 10:07:43,15,21,1113,1885
2023-03-13 10:07:44,15,17,1113,1885
2023-03-13 10:07:51,15,19,1113,1885
2023-03-13 10:07:52,15,21,1113,1885
2023-03-13 10:07:52,15,17,1113,1885
2023-03-13 10:07:54,15,16,1113,1885
2023-03-13 10:07:59,15,17,1113,1885
2023-03-13 10:07:59,15,16,1113,1885
2023-03-13 10:08:00,14,15,1113,1985
2023-03-13 10:08:01,14,15,1113,2006
2023-03-13 10:08:01,14,15,1113,2027
2023-03-13 10:08:04,13,17,1113,2027
2023-03-13 10:08:04,14,17,1113,2027
2023-03-13 10:08:06,14,17,1113,2034
2023-03-13 10:08:06,14,16,1113,2034
2023-03-13 10:08:06,14,17,1113,2034
2023-03-13 10:08:10,14,17,1113,2034
2023-03-13 10:08:10,13,17,1113,2276
2023-03-13 10:08:10,13,18,1113,2276
2023-03-13 10:08:11,14,18,1113,2276
2023-03-13 10:08:11,14,16,1113,2276
2023-03-13 10:08:19,14,16,1018,2371
2023-03-13 10:08:20,13,16,1018,2371
2023-03-13 10:08:20,13,17,1018,2371
2023-03-13 10:08:21,13,16,1018,2371
2023-03-13 10:08:22,13,15,1018,2371
2023-03-13 10:08:26,13,15,1018,2450
2023-03-13 10:08:31,10,15,1106,2538
2023-03-13 10:09:11,10,17,1106,2538
2023-03-13 10:09:18,11,17,1106,2538
2023-03-13 10:09:18,11,15,1106,2538
2023-03-13 10:09:21,12,15,1106,2538
2023-03-13 10:09:21,12,14,1106,2538
2023-03-13 10:09:32,11,14,1106,2538
2023-03-13 10:09:32,11,15,1106,2538
2023-03-13 10:09:32,11,14,1106,2538
2023-03-13 10:09:44,11,15,1106,2538
2023-03-13 10:09:45,11,14,1106,2538
2023-03-13 10:09:51,11,15,1106,2538
2023-03-13 10:09:52,12,15,1106,2538
2023-03-13 10:09:52,12,14,1106,2538
2023-03-13 10:10:21,12,15,1106,2538
2023-03-13 10:10:21,12,16,1106,2538
2023-03-13 10:10:22,12,14,1106,2538
2023-03-13 10:10:29,12,15,1106,2538
2023-03-13 10:10:29,12,16,1106,2538
2023-03-13 10:10:29,12,14,1106,2538
2023-03-13 10:10:41,12,16,1106,2538
2023-03-13 10:10:41,12,14,1106,2538
2023-03-13 10:10:49,12,16,1106,2538
2023-03-13 10:10:49,12,14,1106,2538
2023-03-13 10:11:22,12,15,1106,2538
2023-03-13 10:11:23,12,14,1106,2538
2023-03-13 10:11:51,12,15,1106,2538
2023-03-13 10:11:51,12,16,1106,2538
2023-03-13 10:11:52,12,14,1106,2538
2023-03-13 10:12:18,12,14,1106,2738
2023-03-13 10:12:21,12,17,1106,2738
2023-03-13 10:12:21,12,15,1106,2738
2023-03-13 10:12:21,12,14,1106,2738
2023-03-13 10:12:24,14,15,1106,2832
2023-03-13 10:12:30,12,15,1106,2832
2023-03-13 10:12:30,12,17,1106,2832
2023-03-13 10:12:30,12,14,1106,2832
2023-03-13 10:12:30,15,16,1169,2895
2023-03-13 10:12:35,12,16,1169,2895
2023-03-13 10:12:35,12,17,1169,2895
2023-03-13 10:12:35,12,15,1169,2895
2023-03-13 10:12:43,12,17,1169,2895
2023-03-13 10:12:44,13,17,1169,2895
2023-03-13 10:12:44,13,16,1169,2895
2023-03-13 10:13:20,13,17,1169,2895
2023-03-13 10:13:20,14,17,1169,2895
2023-03-13 10:13:20,14,16,1169,2895
2023-03-13 10:13:25,14,17,1169,2895
2023-03-13 10:13:26,14,16,1169,2895
2023-03-13 10:13:49,14,17,1169,2895
2023-03-13 10:13:50,14,16,1169,2895
2023-03-13 10:14:20,14,18,1169,2895
2023-03-13 10:14:20,14,19,1169,2895
2023-03-13 10:14:21,14,16,1169,2895
2023-03-13 10:14:40,14,18,1169,2895
2023-03-13 10:14:40,14,16,1169,2895
2023-03-13 10:14:52,14,18,1169,2895
2023-03-13 10:14:52,14,19,1169,2895
2023-03-13 10:14:53,14,16,1169,2895
2023-03-13 10:15:19,14,19,1169,2895
2023-03-13 10:15:19,14,18,1169,2895
2023-03-13 10:15:19,14,16,1169,2895
2023-03-13 10:15:28,15,16,1169,2895
2023-03-13 10:15:29,15,18,1169,2895
2023-03-13 10:15:29,15,16,1169,2895
2023-03-13 10:15:44,15,18,1169,2895
2023-03-13 10:15:44,15,16,1169,2895
2023-03-13 10:15:50,15,18,1169,2895
2023-03-13 10:15:50,15,20,1169,2895
2023-03-13 10:15:51,15,16,1169,2895
2023-03-13 10:16:30,15,16,1272,2998
2023-03-13 10:16:37,16,18,1300,3026
2023-03-13 10:16:44,15,18,1300,3026
2023-03-13 10:16:44,15,19,1300,3026
2023-03-13 10:16:44,15,20,1300,3026
2023-03-13 10:16:45,15,19,1300,3026
2023-03-13 10:16:45,15,17,1300,3026
2023-03-13 10:16:53,15,19,1300,3026
2023-03-13 10:16:53,15,20,1300,3026
2023-03-13 10:16:54,15,17,1300,3026
2023-03-13 10:17:20,15,19,1300,3026
2023-03-13 10:17:20,15,17,1300,3026
2023-03-13 10:17:30,15,19,1300,3026
2023-03-13 10:17:30,15,17,1300,3026
2023-03-13 10:17:43,15,19,1300,3026
2023-03-13 10:17:43,15,20,1300,3026
2023-03-13 10:17:45,15,17,1300,3026
2023-03-13 10:17:52,15,19,1300,3026
2023-03-13 10:17:52,15,17,1300,3026
2023-03-13 10:18:18,15,20,1300,3026
2023-03-13 10:18:19,15,19,1300,3026
2023-03-13 10:18:19,15,17,1300,3026
2023-03-13 10:18:29,14,17,1300,3026
2023-03-13 10:18:29,14,19,1300,3026
2023-03-13 10:18:29,14,20,1300,3026
2023-03-13 10:18:30,14,16,1300,3026
2023-03-13 10:18:48,14,18,1300,3026
2023-03-13 10:18:48,14,16,1300,3026
2023-03-13 10:19:11,16,18,1323,3049
2023-03-13 10:19:16,14,18,1323,3049
2023-03-13 10:19:16,14,20,1323,3049
2023-03-13 10:19:17,15,20,1323,3049
2023-03-13 10:19:17,15,17,1323,3049
2023-03-13 10:19:28,15,19,1323,3049
2023-03-13 10:19:28,15,17,1323,3049
2023-03-13 10:19:37,14,17,1323,3049
2023-03-13 10:19:37,15,17,1323,3049
2023-03-13 10:19:51,14,17,1323,3049
2023-03-13 10:19:51,14,20,1323,3049
2023-03-13 10:19:51,15,20,1323,3049
2023-03-13 10:19:51,15,19,1323,3049
2023-03-13 10:19:52,15,17,1323,3049
2023-03-13 10:20:24,15,19,1323,3049
2023-03-13 10:20:24,15,20,1323,3049
2023-03-13 10:20:25,15,17,1323,3049
2023-03-13 10:20:32,15,19,1323,3049
2023-03-13 10:20:32,15,17,1323,3049
2023-03-13 10:20:55,15,20,1323,3049
2023-03-13 10:20:55,15,19,1323,3049
2023-03-13 10:20:55,15,17,1323,3049
2023-03-13 10:21:17,14,17,1323,3049
2023-03-13 10:21:17,13,17,1323,3049
2023-03-13 10:21:17,13,19,1323,3049
2023-03-13 10:21:17,14,19,1323,3049
2023-03-13 10:21:18,14,18,1323,3049
2023-03-13 10:21:18,14,16,1323,3049
2023-03-13 10:21:43,13,16,1323,3049
2023-03-13 10:21:43,13,18,1323,3049
2023-03-13 10:21:43,13,19,1323,3049
2023-03-13 10:21:43,14,19,1323,3049
2023-03-13 10:21:43,14,17,1323,3049
2023-03-13 10:21:50,13,17,1323,3049
2023-03-13 10:21:50,13,20,1323,3049
2023-03-13 10:21:51,15,20,1323,3049
2023-03-13 10:21:51,15,19,1323,3049
2023-03-13 10:21:51,15,17,1323,3049
2023-03-13 10:22:19,13,17,1323,3049
2023-03-13 10:22:19,13,18,1323,3049
2023-03-13 10:22:19,14,18,1323,3049
2023-03-13 10:22:19,14,17,1323,3049
2023-03-13 10:22:26,12,17,1323,3049
2023-03-13 10:22:26,12,18,1323,3049
2023-03-13 10:22:27,13,18,1323,3049
2023-03-13 10:22:27,14,18,1323,3049
2023-03-13 10:22:27,14,16,1323,3049
2023-03-13 10:22:32,14,15,1323,3049
2023-03-13 10:22:43,13,15,1323,3049
2023-03-13 10:22:43,11,15,1323,3049
2023-03-13 10:22:43,14,15,1323,3049
2023-03-13 10:22:49,14,15,1323,3074
2023-03-13 10:22:50,13,15,1323,3074
2023-03-13 10:22:51,14,15,1323,3074
2023-03-13 10:22:54,14,16,1323,3074
2023-03-13 10:22:55,13,16,1323,3074
2023-03-13 10:22:55,14,16,1323,3074
2023-03-13 10:23:19,13,16,1323,3074
2023-03-13 10:23:20,14,16,1323,3074
2023-03-13 10:23:33,13,16,1323,3074
2023-03-13 10:23:33,13,18,1323,3074
2023-03-13 10:23:34,14,18,1323,3074
2023-03-13 10:23:34,14,16,1323,3074
2023-03-13 10:23:43,13,16,1323,3074
2023-03-13 10:23:43,13,18,1323,3074
2023-03-13 10:23:43,13,19,1323,3074
2023-03-13 10:23:43,14,19,1323,3074
2023-03-13 10:23:43,14,17,1323,3074
2023-03-13 10:23:52,13,17,1323,3074
2023-03-13 10:23:52,13,20,1323,3074
2023-03-13 10:23:52,15,20,1323,3074
2023-03-13 10:23:52,15,19,1323,3074
2023-03-13 10:23:52,15,17,1323,3074
2023-03-13 10:24:22,14,17,1323,3074
2023-03-13 10:24:22,14,19,1323,3074
2023-03-13 10:24:22,14,20,1323,3074
2023-03-13 10:24:23,15,20,1323,3074
2023-03-13 10:24:23,15,17,1323,3074
2023-03-13 10:24:31,14,17,1323,3074
2023-03-13 10:24:31,14,19,1323,3074
2023-03-13 10:24:31,15,19,1323,3074
2023-03-13 10:24:31,15,17,1323,3074
2023-03-13 10:24:39,15,19,1323,3074
2023-03-13 10:24:39,15,17,1323,3074
2023-03-13 10:24:52,14,17,1323,3074
2023-03-13 10:24:52,14,19,1323,3074
2023-03-13 10:24:53,15,19,1323,3074
2023-03-13 10:24:53,15,17,1323,3074
2023-03-13 10:25:18,14,17,1323,3074
2023-03-13 10:25:18,14,19,1323,3074
2023-03-13 10:25:18,15,19,1323,3074
2023-03-13 10:25:18,15,17,1323,3074
2023-03-13 10:25:45,13,17,1323,3074
2023-03-13 10:25:45,13,20,1323,3074
2023-03-13 10:25:46,14,20,1323,3074
2023-03-13 10:25:46,15,20,1323,3074
2023-03-13 10:25:46,15,19,1323,3074
2023-03-13 10:25:46,15,17,1323,3074
2023-03-13 10:25:54,13,17,1323,3074
2023-03-13 10:25:54,13,20,1323,3074
2023-03-13 10:25:55,15,20,1323,3074
2023-03-13 10:25:55,15,19,1323,3074
2023-03-13 10:25:55,15,17,1323,3074
2023-03-13 10:26:19,15,20,1323,3074
2023-03-13 10:26:20,15,19,1323,3074
2023-03-13 10:26:20,15,17,1323,3074
2023-03-13 10:26:29,15,20,1323,3074
2023-03-13 10:26:30,15,19,1323,3074
2023-03-13 10:26:30,15,17,1323,3074
2023-03-13 10:26:39,14,17,1323,3074
2023-03-13 10:26:39,15,17,1323,3074
2023-03-13 10:26:47,15,19,1323,3074
2023-03-13 10:26:48,15,17,1323,3074
2023-03-13 10:27:19,13,17,1323,3074
2023-03-13 10:27:21,14,17,1323,3074
2023-03-13 10:27:33,13,17,1323,3074
2023-03-13 10:27:33,13,18,1323,3074
2023-03-13 10:27:34,14,18,1323,3074
2023-03-13 10:27:34,14,16,1323,3074
2023-03-13 10:27:41,13,16,1323,3074
2023-03-13 10:27:41,13,18,1323,3074
2023-03-13 10:27:42,13,20,1323,3074
2023-03-13 10:27:42,14,20,1323,3074
2023-03-13 10:27:42,15,20,1323,3074
2023-03-13 10:27:42,15,19,1323,3074
2023-03-13 10:27:42,15,17,1323,3074
2023-03-13 10:27:51,14,17,1323,3074
2023-03-13 10:27:51,14,19,1323,3074
2023-03-13 10:27:51,14,17,1323,3074
2023-03-13 10:28:21,14,19,1323,3074
2023-03-13 10:28:21,14,20,1323,3074
2023-03-13 10:28:22,15,20,1323,3074
2023-03-13 10:28:22,15,17,1323,3074
2023-03-13 10:28:40,14,17,1323,3074
2023-03-13 10:28:40,14,18,1323,3074
2023-03-13 10:28:40,15,18,1323,3074
2023-03-13 10:28:40,15,17,1323,3074
2023-03-13 10:28:52,14,17,1323,3074
2023-03-13 10:28:52,14,18,1323,3074
2023-03-13 10:28:53,15,18,1323,3074
2023-03-13 10:28:53,15,17,1323,3074
2023-03-13 10:29:21,15,19,1323,3074
2023-03-13 10:29:21,15,20,1323,3074
2023-03-13 10:29:22,15,17,1323,3074
2023-03-13 10:29:30,15,20,1323,3074
2023-03-13 10:29:30,15,22,1323,3074
2023-03-13 10:29:31,16,22,1323,3074
2023-03-13 10:29:31,16,18,1323,3074
2023-03-13 10:29:41,16,20,1323,3074
2023-03-13 10:29:41,16,18,1323,3074
2023-03-13 10:30:28,13,18,1323,3074
2023-03-13 10:30:29,14,18,1323,3074
2023-03-13 10:30:29,15,18,1323,3074
2023-03-13 10:30:29,15,17,1323,3074
2023-03-13 10:30:50,14,17,1323,3074
2023-03-13 10:30:50,13,17,1323,3074
2023-03-13 10:30:50,13,18,1323,3074
2023-03-13 10:30:51,14,18,1323,3074
2023-03-13 10:30:51,14,17,1323,3074
2023-03-13 10:31:18,13,17,1323,3074
2023-03-13 10:31:18,13,19,1323,3074
2023-03-13 10:31:18,13,20,1323,3074
2023-03-13 10:31:18,15,20,1323,3074
2023-03-13 10:31:18,15,17,1323,3074
2023-03-13 10:31:31,14,17,1323,3074
2023-03-13 10:31:31,14,19,1323,3074
2023-03-13 10:31:31,15,19,1323,3074
2023-03-13 10:31:31,15,17,1323,3074
2023-03-13 10:31:37,16,17,1323,3074
2023-03-13 10:31:37,16,20,1323,3074
2023-03-13 10:31:37,16,18,1323,3074
2023-03-13 10:31:43,15,18,1323,3074
2023-03-13 10:31:51,13,18,1323,3074
2023-03-13 10:31:51,13,20,1323,3074
2023-03-13 10:31:52,14,20,1323,3074
2023-03-13 10:31:52,15,20,1323,3074
2023-03-13 10:31:52,15,18,1323,3074
2023-03-13 10:32:04,14,18,1323,3074
2023-03-13 10:32:04,14,20,1323,3074
2023-03-13 10:32:04,15,20,1323,3074
2023-03-13 10:32:04,15,19,1323,3074
2023-03-13 10:32:05,15,17,1323,3074
2023-03-13 10:32:27,13,17,1323,3074
2023-03-13 10:32:27,13,20,1323,3074
2023-03-13 10:32:28,13,17,1323,3074
2023-03-13 10:32:28,14,17,1323,3074
2023-03-13 10:32:28,15,17,1323,3074
2023-03-13 10:32:41,14,17,1323,3074
2023-03-13 10:32:41,15,17,1323,3074
2023-03-13 10:32:51,14,17,1323,3074
2023-03-13 10:32:51,12,17,1323,3074
2023-03-13 10:32:51,13,17,1323,3074
2023-03-13 10:32:51,14,17,1323,3074
2023-03-13 10:32:51,14,16,1323,3074
2023-03-13 10:32:52,14,15,1323,3074
2023-03-13 10:32:57,14,15,1231,3166
2023-03-13 10:32:59,13,15,1231,3166
2023-03-13 10:32:59,14,15,1231,3166
2023-03-13 10:33:01,14,16,1231,3166
2023-03-13 10:33:02,14,15,1231,3166
2023-03-13 10:33:04,14,16,1231,3166
2023-03-13 10:33:05,13,16,1231,3166
2023-03-13 10:33:05,13,17,1231,3166
2023-03-13 10:33:06,14,17,1231,3166
2023-03-13 10:33:06,14,16,1231,3166
2023-03-13 10:33:07,13,14,1181,3216
2023-03-13 10:33:13,13,15,1181,3216
2023-03-13 10:33:15,13,17,1181,3216
2023-03-13 10:33:15,13,16,1181,3216
2023-03-13 10:33:15,13,15,1181,3216
2023-03-13 10:33:25,12,15,1181,3216
2023-03-13 10:33:26,13,15,1181,3216
2023-03-13 10:33:35,12,15,1181,3216
2023-03-13 10:33:35,13,15,1181,3216
2023-03-13 10:33:42,13,14,1181,3216
2023-03-13 10:33:43,12,14,1181,3216
2023-03-13 10:33:43,12,15,1181,3216
2023-03-13 10:33:43,13,15,1181,3216
2023-03-13 10:33:43,13,14,1181,3216
2023-03-13 10:33:44,13,15,1181,3216
2023-03-13 10:33:46,12,13,1136,3261
2023-03-13 10:33:52,12,14,1136,3261
2023-03-13 10:34:19,12,15,1136,3261
2023-03-13 10:34:30,12,17,1136,3261
2023-03-13 10:34:30,12,16,1136,3261
2023-03-13 10:34:30,13,16,1136,3261
2023-03-13 10:34:30,13,17,1136,3261
2023-03-13 10:34:30,13,15,1136,3261
2023-03-13 10:34:43,13,14,1136,3261
2023-03-13 10:34:45,12,14,1136,3261
2023-03-13 10:34:45,12,17,1136,3261
2023-03-13 10:34:46,12,15,1136,3261
2023-03-13 10:34:54,12,14,1136,3261
2023-03-13 10:35:31,12,15,1136,3261
2023-03-13 10:35:31,12,17,1136,3261
2023-03-13 10:35:31,12,16,1136,3261
2023-03-13 10:35:31,12,14,1136,3261
2023-03-13 10:35:38,12,15,1136,3261
2023-03-13 10:35:38,12,14,1136,3261
2023-03-13 10:35:52,12,15,1136,3261
2023-03-13 10:35:52,12,16,1136,3261
2023-03-13 10:35:52,12,15,1136,3261
2023-03-13 10:36:33,12,17,1136,3261
2023-03-13 10:36:33,13,17,1136,3261
2023-03-13 10:36:33,13,16,1136,3261
2023-03-13 10:36:33,13,15,1136,3261
2023-03-13 10:36:39,12,15,1136,3261
2023-03-13 10:36:39,12,16,1136,3261
2023-03-13 10:36:39,12,17,1136,3261
2023-03-13 10:36:40,13,17,1136,3261
2023-03-13 10:36:40,13,15,1136,3261
2023-03-13 10:36:54,12,15,1136,3261
2023-03-13 10:36:54,12,17,1136,3261
2023-03-13 10:36:54,13,17,1136,3261
2023-03-13 10:36:54,13,15,1136,3261
2023-03-13 10:36:56,14,15,1136,3261
2023-03-13 10:37:08,15,17,1197,3322
2023-03-13 10:37:14,14,17,1197,3322
2023-03-13 10:37:14,14,18,1197,3322
2023-03-13 10:37:14,14,16,1197,3322
2023-03-13 10:37:19,14,18,1197,3322
2023-03-13 10:37:20,14,16,1197,3322
2023-03-13 10:37:28,14,18,1197,3322
2023-03-13 10:37:28,14,16,1197,3322
2023-03-13 10:37:40,13,16,1197,3322
2023-03-13 10:37:40,14,16,1197,3322
2023-03-13 10:37:51,12,16,1197,3322
2023-03-13 10:37:51,12,17,1197,3322
2023-03-13 10:37:51,13,17,1197,3322
2023-03-13 10:37:51,13,16,1197,3322
2023-03-13 10:38:19,13,18,1197,3322
2023-03-13 10:38:19,13,19,1197,3322
2023-03-13 10:38:19,13,20,1197,3322
2023-03-13 10:38:20,14,20,1197,3322
2023-03-13 10:38:20,14,16,1197,3322
2023-03-13 10:38:37,14,18,1367,3492
2023-03-13 10:38:46,14,16,1367,3492
2023-03-13 10:38:48,15,16,1367,3492
2023-03-13 10:38:53,15,20,1367,3492
2023-03-13 10:38:54,15,19,1367,3492
2023-03-13 10:38:54,15,17,1367,3492
2023-03-13 10:39:25,15,18,1367,3492
2023-03-13 10:39:25,15,17,1367,3492
2023-03-13 10:39:33,15,18,1367,3492
2023-03-13 10:39:34,15,16,1367,3492
2023-03-13 10:39:51,15,17,1367,3492
2023-03-13 10:39:51,15,16,1367,3492
2023-03-13 10:40:30,15,18,1367,3492
2023-03-13 10:40:31,15,16,1367,3492
2023-03-13 10:41:17,15,19,1367,3492
2023-03-13 10:41:17,15,20,1367,3492
2023-03-13 10:41:17,15,18,1367,3492
2023-03-13 10:41:17,15,16,1367,3492
2023-03-13 10:41:51,15,17,1367,3492
2023-03-13 10:41:51,15,18,1367,3492
2023-03-13 10:41:51,15,20,1367,3492
2023-03-13 10:41:52,15,19,1367,3492
2023-03-13 10:41:52,15,17,1367,3492
2023-03-13 10:42:21,15,20,1367,3492
2023-03-13 10:42:21,15,21,1367,3492
2023-03-13 10:42:21,15,19,1367,3492
2023-03-13 10:42:21,15,17,1367,3492
2023-03-13 10:42:23,17,19,1388,3513
2023-03-13 10:42:29,16,19,1388,3513
2023-03-13 10:42:29,16,18,1388,3513
2023-03-13 10:42:37,16,19,1388,3513
2023-03-13 10:42:37,16,21,1388,3513
2023-03-13 10:42:38,16,20,1388,3513
2023-03-13 10:42:38,16,21,1388,3513
2023-03-13 10:42:38,16,20,1388,3513
2023-03-13 10:42:38,16,18,1388,3513
2023-03-13 10:42:45,16,20,1388,3513
2023-03-13 10:42:45,16,18,1388,3513
2023-03-13 10:42:56,16,21,1388,3513
2023-03-13 10:42:56,16,22,1388,3513
2023-03-13 10:42:56,16,20,1388,3513
2023-03-13 10:42:56,16,18,1388,3513
2023-03-13 10:43:19,16,20,1388,3513
2023-03-13 10:43:19,16,22,1388,3513
2023-03-13 10:43:20,16,17,1388,3513
2023-03-13 10:43:47,16,19,1388,3513
2023-03-13 10:43:47,16,22,1388,3513
2023-03-13 10:43:48,16,20,1388,3513
2023-03-13 10:43:48,16,18,1388,3513
2023-03-13 10:44:23,16,20,1388,3513
2023-03-13 10:44:24,16,18,1388,3513
2023-03-13 10:44:24,16,18,1406,3531
2023-03-13 10:44:24,16,17,1406,3531
2023-03-13 10:44:26,16,18,1406,3531
2023-03-13 10:44:33,16,18,1434,3559
2023-03-13 10:44:33,16,17,1434,3559
2023-03-13 10:44:33,15,17,1434,3559
2023-03-13 10:44:42,15,16,1434,3559
2023-03-13 10:45:21,15,17,1434,3559
2023-03-13 10:46:24,15,17,1550,3675
2023-03-13 10:46:34,15,16,1550,3675
2023-03-13 10:46:41,14,16,1597,3722
2023-03-13 10:46:42,14,17,1597,3722
2023-03-13 10:46:48,14,16,1597,3722
2023-03-13 10:47:19,13,16,1597,3722
2023-03-13 10:47:19,13,20,1597,3722
2023-03-13 10:47:19,13,19,1597,3722
2023-03-13 10:47:19,13,20,1597,3722
2023-03-13 10:47:20,14,20,1597,3722
2023-03-13 10:47:20,14,17,1597,3722
2023-03-13 10:47:26,15,17,1597,3722
2023-03-13 10:47:32,15,19,1597,3722
2023-03-13 10:47:32,15,20,1597,3722
2023-03-13 10:47:33,15,17,1597,3722
2023-03-13 10:47:42,15,19,1597,3722
2023-03-13 10:47:42,15,17,1597,3722
2023-03-13 10:47:50,15,18,1597,3722
2023-03-13 10:47:51,15,17,1597,3722
2023-03-13 10:47:54,15,17,1597,3818
2023-03-13 10:48:01,15,18,1597,3818
2023-03-13 10:48:01,15,17,1597,3818
2023-03-13 10:48:22,15,16,1597,3818
2023-03-13 10:48:50,15,17,1597,3818
2023-03-13 10:48:51,15,16,1597,3818
2023-03-13 10:49:31,15,17,1597,3818
2023-03-13 10:49:31,15,16,1597,3818
2023-03-13 10:49:47,15,18,1597,3818
2023-03-13 10:49:47,15,17,1597,3818
2023-03-13 10:49:56,15,18,1597,3818
2023-03-13 10:49:56,15,17,1597,3818
2023-03-13 10:50:21,15,16,1597,3818
2023-03-13 10:50:33,15,18,1597,3818
2023-03-13 10:50:33,15,19,1597,3818
2023-03-13 10:50:33,15,17,1597,3818
2023-03-13 10:50:39,15,19,1597,3818
2023-03-13 10:50:39,15,17,1597,3818
2023-03-13 10:50:47,15,19,1597,3818
2023-03-13 10:50:47,15,17,1597,3818
2023-03-13 10:50:58,16,17,1597,3818
2023-03-13 10:51:24,16,19,1597,3818
2023-03-13 10:51:24,16,20,1597,3818
2023-03-13 10:51:25,16,18,1597,3818
2023-03-13 10:51:34,16,20,1597,3818
2023-03-13 10:51:34,16,18,1597,3818
2023-03-13 10:51:45,16,20,1597,3818
2023-03-13 10:51:45,16,17,1597,3818
2023-03-13 10:51:53,16,19,1597,3818
2023-03-13 10:51:53,16,20,1597,3818
2023-03-13 10:51:54,16,18,1597,3818
2023-03-13 10:52:24,15,18,1597,3818
2023-03-13 10:52:24,15,20,1597,3818
2023-03-13 10:52:25,15,17,1597,3818
2023-03-13 10:52:34,17,19,1632,3853
2023-03-13 10:52:35,17,20,1632,3853
2023-03-13 10:52:35,16,20,1632,3853
2023-03-13 10:52:35,16,18,1632,3853
2023-03-13 10:52:41,16,20,1632,3853
2023-03-13 10:52:41,16,21,1632,3853
2023-03-13 10:52:41,18,21,1632,3853
2023-03-13 10:52:42,16,18,1712,3933
2023-03-13 10:52:48,18,20,1732,3953
2023-03-13 10:52:54,16,20,1732,3953
2023-03-13 10:52:54,16,21,1732,3953
2023-03-13 10:52:54,16,19,1732,3953
2023-03-13 10:53:00,16,21,1732,3953
2023-03-13 10:53:00,16,18,1732,3953
2023-03-13 10:53:19,16,20,1732,3953
2023-03-13 10:53:19,16,21,1732,3953
2023-03-13 10:53:19,17,21,1732,3953
2023-03-13 10:53:19,17,19,1732,3953
2023-03-13 10:53:33,17,21,1732,3953
2023-03-13 10:53:33,17,22,1732,3953
2023-03-13 10:53:33,17,19,1732,3953
2023-03-13 10:53:43,16,19,1732,3953
2023-03-13 10:53:43,16,21,1732,3953
2023-03-13 10:53:43,16,22,1732,3953
2023-03-13 10:53:44,17,22,1732,3953
2023-03-13 10:53:44,17,19,1732,3953
2023-03-13 10:53:54,16,19,1732,3953
2023-03-13 10:53:54,16,20,1732,3953
2023-03-13 10:53:54,16,19,1732,3953
2023-03-13 10:54:17,16,20,1732,3953
2023-03-13 10:54:17,16,19,1732,3953
2023-03-13 10:54:28,16,21,1732,3953
2023-03-13 10:54:29,17,21,1732,3953
2023-03-13 10:54:29,17,19,1732,3953
2023-03-13 10:54:39,17,22,1732,3953
2023-03-13 10:54:39,17,21,1732,3953
2023-03-13 10:54:39,17,19,1732,3953
2023-03-13 10:54:47,16,19,1732,3953
2023-03-13 10:54:47,16,22,1732,3953
2023-03-13 10:54:47,16,21,1732,3953
2023-03-13 10:54:48,16,19,1732,3953
2023-03-13 10:55:17,16,17,1732,3953
2023-03-13 10:55:20,15,17,1732,3953
2023-03-13 10:55:21,15,16,1732,3953
2023-03-13 10:55:24,15,17,1732,3953
2023-03-13 10:55:25,14,17,1736,4104
2023-03-13 10:55:30,15,17,1736,4104
2023-03-13 10:55:32,14,15,1704,4136
2023-03-13 10:55:37,14,17,1704,4136
2023-03-13 10:55:40,14,17,1704,4227
2023-03-13 10:55:43,14,15,1704,4227
2023-03-13 10:55:43,14,15,1724,4249
2023-03-13 10:55:45,14,15,1724,4296
2023-03-13 10:55:46,13,14,1610,4410
2023-03-13 10:55:56,12,15,1610,4410
2023-03-13 10:55:57,13,15,1610,4410
2023-03-13 10:55:57,14,15,1610,4410
2023-03-13 10:56:13,13,14,1561,4459
2023-03-13 10:56:15,13,15,1561,4459
2023-03-13 10:56:24,12,15,1561,4459
2023-03-13 10:56:24,13,15,1561,4459
2023-03-13 10:56:31,13,14,1561,4459
2023-03-13 10:56:39,12,14,1561,4459
2023-03-13 10:56:39,12,15,1561,4459
2023-03-13 10:56:39,12,14,1561,4459
2023-03-13 10:56:48,12,15,1561,4459
2023-03-13 10:56:50,12,14,1561,4459
2023-03-13 10:56:57,12,15,1561,4459
2023-03-13 10:56:57,12,14,1561,4459
2023-03-13 10:56:59,12,13,1561,4459
2023-03-13 10:57:04,12,13,1661,4587
2023-03-13 10:57:19,11,13,1661,4587
2023-03-13 10:57:20,12,13,1661,4587
2023-03-13 10:57:39,11,13,1661,4587
2023-03-13 10:57:39,12,13,1661,4587
2023-03-13 10:57:50,11,13,1661,4587
2023-03-13 10:58:25,11,13,1661,4618
2023-03-13 10:58:28,10,13,1661,4618
2023-03-13 10:58:28,9,13,1661,4618
2023-03-13 10:58:29,11,13,1661,4618
2023-03-13 10:58:38,9,13,1661,4618
2023-03-13 10:58:39,10,13,1661,4618
2023-03-13 10:58:39,11,13,1661,4618
2023-03-13 10:59:19,9,13,1661,4618
2023-03-13 10:59:20,10,13,1661,4618
2023-03-13 10:59:20,11,13,1661,4618
2023-03-13 10:59:29,11,12,1661,4618
2023-03-13 10:59:29,9,12,1661,4618
2023-03-13 10:59:30,10,12,1661,4618
2023-03-13 10:59:30,11,12,1661,4618
2023-03-13 10:59:38,10,12,1661,4618
2023-03-13 10:59:38,11,12,1661,4618
2023-03-13 10:59:41,12,13,1604,4746
2023-03-13 10:59:52,10,13,1604,4746
2023-03-13 10:59:52,11,13,1604,4746
2023-03-13 11:00:26,10,13,1604,4746
2023-03-13 11:00:26,10,15,1604,4746
2023-03-13 11:00:27,11,15,1604,4746
2023-03-13 11:00:27,12,15,1604,4746
2023-03-13 11:00:27,12,14,1604,4746
2023-03-13 11:00:44,10,14,1604,4746
2023-03-13 11:00:44,9,14,1604,4746
2023-03-13 11:00:45,11,14,1604,4746
2023-03-13 11:00:45,12,14,1604,4746
2023-03-13 11:00:53,11,14,1604,4746
2023-03-13 11:00:53,10,14,1604,4746
2023-03-13 11:00:54,11,14,1604,4746
2023-03-13 11:00:54,11,13,1604,4746
2023-03-13 11:01:19,10,13,1604,4746
2023-03-13 11:01:19,10,14,1604,4746
2023-03-13 11:01:19,11,14,1604,4746
2023-03-13 11:01:19,11,13,1604,4746
2023-03-13 11:01:39,11,14,1604,4746
2023-03-13 11:01:47,10,14,1604,4746
2023-03-13 11:01:47,11,14,1604,4746
2023-03-13 11:01:48,11,13,1604,4746
2023-03-13 11:01:56,10,13,1604,4746
2023-03-13 11:01:56,10,14,1604,4746
2023-03-13 11:01:56,12,14,1604,4746
2023-03-13 11:02:19,10,14,1604,4746
2023-03-13 11:02:20,11,14,1604,4746
2023-03-13 11:02:20,11,13,1604,4746
2023-03-13 11:02:30,10,13,1604,4746
2023-03-13 11:02:30,11,13,1604,4746
2023-03-13 11:02:40,11,12,1604,4746
2023-03-13 11:02:42,11,12,1604,4776
2023-03-13 11:02:42,11,13,1604,4776
2023-03-13 11:02:42,11,12,1604,4776
2023-03-13 11:02:44,10,11,1477,4965
2023-03-13 11:02:51,10,12,1477,4965
2023-03-13 11:02:51,9,12,1477,4965
2023-03-13 11:02:52,10,12,1477,4965
2023-03-13 11:02:52,10,11,1477,4965
2023-03-13 11:02:52,10,11,1477,4997
2023-03-13 11:02:52,10,11,1477,5039
2023-03-13 11:02:53,10,12,1477,5039
2023-03-13 11:02:57,10,11,1477,5039
2023-03-13 11:03:18,9,11,1477,5039
2023-03-13 11:04:55,10,11,1477,5039
2023-03-13 11:06:59,11,12,1605,5167
2023-03-13 11:07:12,10,12,1605,5281
2023-03-13 11:07:22,10,13,1605,5281
2023-03-13 11:07:22,10,14,1605,5281
2023-03-13 11:07:23,10,13,1605,5281
2023-03-13 11:07:23,10,14,1605,5281
2023-03-13 11:07:23,11,14,1605,5281
2023-03-13 11:07:23,11,13,1605,5281
2023-03-13 11:07:32,11,14,1605,5281
2023-03-13 11:07:32,11,13,1605,5281
2023-03-13 11:07:44,10,13,1605,5281
2023-03-13 11:07:45,11,13,1605,5281
2023-03-13 11:07:51,10,13,1605,5281
2023-03-13 11:07:51,10,14,1605,5281
2023-03-13 11:07:51,10,13,1605,5281
2023-03-13 11:08:32,10,12,1605,5281
2023-03-13 11:11:19,10,11,1605,5281
2023-03-13 11:11:27,10,12,1605,5281
2023-03-13 11:11:27,10,11,1605,5281
2023-03-13 11:11:36,10,12,1605,5281
2023-03-13 11:11:36,10,11,1605,5281
2023-03-13 11:12:15,10,11,1620,5311
2023-03-13 11:12:20,9,10,1701,5392
2023-03-13 11:12:29,9,11,1701,5392
2023-03-13 11:12:30,9,10,1701,5392
2023-03-13 11:12:44,9,11,1701,5392
2023-03-13 11:12:44,9,10,1701,5392
2023-03-13 11:13:26,9,11,1701,5392
2023-03-13 11:13:26,9,12,1701,5392
2023-03-13 11:13:27,9,10,1701,5392
2023-03-13 11:13:35,9,12,1701,5392
2023-03-13 11:13:35,9,11,1701,5392
2023-03-13 11:13:57,9,12,1701,5392
2023-03-13 11:13:58,9,11,1701,5392
2023-03-13 11:15:24,9,12,1701,5392
2023-03-13 11:15:24,9,11,1701,5392
2023-03-13 11:15:42,9,10,1701,5392
2023-03-13 11:15:54,9,11,1701,5392
2023-03-13 11:15:54,9,10,1701,5392
2023-03-13 11:16:00,9,11,1701,5392
2023-03-13 11:16:00,9,10,1701,5392
2023-03-13 11:16:26,9,11,1701,5392
2023-03-13 11:16:26,9,10,1701,5392
2023-03-13 11:16:36,9,11,1701,5392
2023-03-13 11:16:36,9,10,1701,5392
2023-03-13 11:16:48,9,10,1800,5491
2023-03-13 11:17:01,9,11,1800,5491
2023-03-13 11:17:03,9,10,1800,5491
2023-03-13 11:17:03,7,9,1901,5592
2023-03-13 11:17:26,6,9,1901,5592
2023-03-13 11:17:26,6,10,1901,5592
2023-03-13 11:17:26,6,11,1901,5592
2023-03-13 11:17:27,8,11,1901,5592
2023-03-13 11:17:27,8,10,1901,5592
2023-03-13 11:17:40,7,10,1901,5592
2023-03-13 11:17:40,6,10,1901,5592
2023-03-13 11:17:40,6,11,1901,5592
2023-03-13 11:17:41,8,11,1901,5592
2023-03-13 11:17:41,8,10,1901,5592
2023-03-13 11:17:54,6,10,1901,5592
2023-03-13 11:17:54,6,11,1901,5592
2023-03-13 11:17:54,7,11,1901,5592
2023-03-13 11:17:54,8,11,1901,5592
2023-03-13 11:17:54,8,10,1901,5592
2023-03-13 11:18:24,7,10,1901,5592
2023-03-13 11:18:24,6,10,1901,5592
2023-03-13 11:18:25,7,10,1901,5592
2023-03-13 11:18:32,7,9,1901,5592
2023-03-13 11:19:02,6,9,1901,5592
2023-03-13 11:19:02,7,9,1901,5592
2023-03-13 11:19:34,7,9,1951,5642
2023-03-13 11:19:36,6,9,1951,5642
2023-03-13 11:19:36,7,9,1951,5642
2023-03-13 11:19:57,6,9,1951,5642
2023-03-13 11:19:57,6,11,1951,5642
2023-03-13 11:19:58,8,11,1951,5642
2023-03-13 11:19:58,8,10,1951,5642
2023-03-13 11:20:31,7,10,1951,5642
2023-03-13 11:20:31,6,10,1951,5642
2023-03-13 11:20:32,7,10,1951,5642
2023-03-13 11:20:32,7,9,1951,5642
2023-03-13 11:20:47,6,9,1951,5642
2023-03-13 11:20:47,6,10,1951,5642
2023-03-13 11:20:47,7,10,1951,5642
2023-03-13 11:20:47,7,9,1951,5642
2023-03-13 11:20:54,6,9,1951,5642
2023-03-13 11:20:54,6,10,1951,5642
2023-03-13 11:20:54,7,10,1951,5642
2023-03-13 11:20:54,7,9,1951,5642
2023-03-13 11:21:19,7,10,1951,5642
2023-03-13 11:21:19,7,9,1951,5642
2023-03-13 11:21:28,6,9,1951,5642
2023-03-13 11:21:28,7,9,1951,5642
2023-03-13 11:21:46,6,9,1951,5642
2023-03-13 11:21:46,6,10,1951,5642
2023-03-13 11:21:46,7,10,1951,5642
2023-03-13 11:21:46,7,9,1951,5642
2023-03-13 11:21:54,6,9,1951,5642
2023-03-13 11:21:54,6,10,1951,5642
2023-03-13 11:21:54,7,10,1951,5642
2023-03-13 11:21:54,7,9,1951,5642
2023-03-13 11:22:03,7,10,1951,5642
2023-03-13 11:22:03,7,9,1951,5642
2023-03-13 11:22:26,7,10,1951,5642
2023-03-13 11:22:26,7,9,1951,5642
2023-03-13 11:22:33,7,10,1951,5642
2023-03-13 11:22:33,7,9,1951,5642
2023-03-13 11:22:45,6,9,1951,5642
2023-03-13 11:22:45,6,10,1951,5642
2023-03-13 11:22:46,8,10,1951,5642
2023-03-13 11:23:17,8,11,1951,5642
2023-03-13 11:23:17,8,10,1951,5642
2023-03-13 11:23:30,6,10,1951,5642
2023-03-13 11:23:30,6,11,1951,5642
2023-03-13 11:23:30,7,11,1951,5642
2023-03-13 11:23:30,8,11,1951,5642
2023-03-13 11:23:34,9,11,1951,5642
2023-03-13 11:23:50,9,12,1951,5642
2023-03-13 11:23:50,9,11,1951,5642
2023-03-13 11:24:16,9,10,1951,5642
2023-03-13 11:24:26,9,11,1951,5642
2023-03-13 11:24:34,9,10,1951,5642
2023-03-13 11:24:39,9,11,1951,5642
2023-03-13 11:24:39,9,10,1951,5642
2023-03-13 11:24:52,9,11,1951,5642
2023-03-13 11:24:53,9,10,1951,5642
2023-03-13 11:25:19,9,11,1951,5642
2023-03-13 11:25:19,9,10,1951,5642
2023-03-13 11:25:31,9,10,1951,5762
2023-03-13 11:25:40,7,9,1951,5770
2023-03-13 11:25:48,6,9,1951,5770
2023-03-13 11:25:49,7,9,1951,5770
2023-03-13 11:25:54,7,10,1951,5770
2023-03-13 11:25:55,7,9,1951,5770
2023-03-13 11:26:21,6,9,1951,5770
2023-03-13 11:26:21,6,10,1951,5770
2023-03-13 11:26:21,7,10,1951,5770
2023-03-13 11:26:21,8,10,1951,5770
2023-03-13 11:26:24,8,9,1951,5770
2023-03-13 11:26:31,7,9,1951,5770
2023-03-13 11:26:31,8,9,1951,5770
2023-03-13 11:26:34,8,9,1951,5839
2023-03-13 11:26:40,6,9,1951,5839
2023-03-13 11:26:40,7,9,1951,5839
2023-03-13 11:26:52,6,9,1951,5839
2023-03-13 11:26:52,7,9,1951,5839
2023-03-13 11:27:21,6,9,1951,5839
2023-03-13 11:27:21,7,9,1951,5839
2023-03-13 11:27:28,6,9,1951,5839
2023-03-13 11:27:28,7,9,1951,5839
2023-03-13 11:27:39,6,9,1951,5839
2023-03-13 11:27:39,7,9,1951,5839
2023-03-13 11:27:47,6,9,1951,5839
2023-03-13 11:27:48,7,9,1951,5839
2023-03-13 11:28:10,7,8,1951,5839
2023-03-13 11:28:19,6,8,1951,5839
2023-03-13 11:32:10,7,8,1951,5839
2023-03-13 11:32:24,7,9,1951,5839
2023-03-13 11:32:48,6,9,1951,5839
2023-03-13 11:32:49,7,9,1951,5839
2023-03-13 11:34:10,7,8,1951,5839
2023-03-13 11:34:30,7,9,1951,5839
2023-03-13 11:35:25,6,9,1951,5839
2023-03-13 11:35:25,7,9,1951,5839
2023-03-13 11:35:29,8,9,1951,5839
2023-03-13 11:36:10,7,9,1951,5839
2023-03-13 11:36:10,8,9,1951,5839
2023-03-13 11:36:19,8,10,1951,5839
2023-03-13 11:37:30,9,10,1951,5839
2023-03-13 11:37:50,8,10,1951,5839
2023-03-13 11:38:30,9,10,1951,5839
2023-03-13 11:38:31,9,11,1951,5839
2023-03-13 11:38:31,9,10,1951,5839
2023-03-13 11:38:39,9,11,1951,5839
2023-03-13 11:38:40,9,10,1951,5839
2023-03-13 11:38:50,8,10,1951,5839
2023-03-13 11:39:26,8,11,1951,5839
2023-03-13 11:39:26,8,10,1951,5839
2023-03-13 11:39:30,9,10,1951,5839
2023-03-13 11:40:26,8,10,1951,5839
2023-03-13 11:40:26,7,10,1951,5839
2023-03-13 11:40:26,8,10,1951,5839
2023-03-13 11:40:30,9,10,1951,5839
2023-03-13 11:40:50,8,10,1951,5839
2023-03-13 11:41:18,8,9,1951,5839
2023-03-13 11:41:27,6,9,1951,5839
2023-03-13 11:41:27,7,9,1951,5839
2023-03-13 11:41:30,8,9,1951,5839
2023-03-13 11:41:47,7,9,1951,5839
2023-03-13 11:42:10,8,9,1951,5839
2023-03-13 11:42:29,7,9,1951,5839
2023-03-13 11:42:30,8,9,1951,5839
2023-03-13 11:42:47,7,8,1951,5839
2023-03-13 11:42:50,8,9,1951,5839
2023-03-13 11:43:02,7,8,1951,5843
2023-03-13 11:43:06,7,9,1951,5843
2023-03-13 11:43:06,6,9,1951,5843
2023-03-13 11:43:08,7,9,1951,5843
2023-03-13 11:43:17,7,8,1951,5843
2023-03-13 11:43:53,6,8,1951,5843
2023-03-13 11:46:11,6,7,1951,5843
2023-03-13 11:46:24,7,8,1951,5847
2023-03-13 11:46:29,6,8,1951,5847
2023-03-13 11:46:30,7,8,1951,5847
2023-03-13 11:47:11,7,8,1951,5851
2023-03-13 11:47:49,6,8,1951,5851
2023-03-13 11:48:08,6,7,1951,5851
2023-03-13 11:48:21,6,8,1951,5851
2023-03-13 11:49:20,6,7,1951,5851
2023-03-13 11:49:41,6,7,1963,5863
2023-03-13 11:49:42,6,7,1964,6063
2023-03-13 11:49:58,4,6,2002,6101
2023-03-13 11:50:05,4,7,2002,6101
2023-03-13 11:50:06,4,6,2002,6101
2023-03-13 11:50:26,4,7,2002,6101
2023-03-13 11:50:26,5,7,2002,6101
2023-03-13 11:50:41,4,7,2002,6101
2023-03-13 11:50:41,5,7,2002,6101
2023-03-13 11:50:56,4,7,2002,6101
2023-03-13 11:50:56,5,7,2002,6101
2023-03-13 11:51:03,5,7,2002,6105
2023-03-13 11:51:15,4,7,2002,6105
2023-03-13 11:51:15,5,7,2002,6105
2023-03-13 11:51:15,6,7,2002,6105
2023-03-13 11:51:40,5,7,2002,6105
2023-03-13 11:51:43,6,7,2002,6105
2023-03-13 11:52:23,5,7,2002,6105
2023-03-13 11:52:37,4,7,2002,6105
2023-03-13 11:52:38,5,7,2002,6105
2023-03-13 11:52:43,6,7,2002,6105
2023-03-13 11:53:18,4,7,2002,6105
2023-03-13 11:53:18,5,7,2002,6105
2023-03-13 11:53:23,6,7,2002,6105
2023-03-13 11:53:44,6,8,2002,6105
2023-03-13 11:53:55,6,7,2002,6105
2023-03-13 11:54:12,6,8,2002,6105
2023-03-13 11:54:20,5,8,2002,6105
2023-03-13 11:54:21,5,7,2002,6105
2023-03-13 11:54:23,6,7,2002,6105
2023-03-13 11:54:32,6,8,2002,6105
2023-03-13 11:54:43,7,8,2002,6105
2023-03-13 11:55:00,6,8,2002,6105
2023-03-13 11:55:03,7,8,2002,6105
2023-03-13 11:55:07,7,9,2002,6105
2023-03-13 11:55:07,7,8,2002,6105
2023-03-13 11:55:18,6,8,2002,6105
2023-03-13 11:55:19,6,9,2002,6105
2023-03-13 11:55:19,7,9,2002,6105
2023-03-13 11:55:23,8,9,2002,6105
2023-03-13 11:55:42,6,9,2002,6105
2023-03-13 11:55:43,8,9,2002,6105
2023-03-13 11:56:23,7,9,2002,6105
2023-03-13 11:56:26,7,8,2002,6105
2023-03-13 11:56:36,7,9,2002,6105
2023-03-13 11:56:36,7,8,2002,6105
2023-03-13 11:56:43,6,8,2006,6109
2023-03-13 11:56:48,6,9,2006,6109
2023-03-13 11:56:48,6,8,2006,6109
2023-03-13 11:56:53,6,9,2006,6109
2023-03-13 11:56:53,6,8,2006,6109
2023-03-13 11:57:21,5,8,2006,6109
2023-03-13 11:57:21,5,9,2006,6109
2023-03-13 11:57:21,6,9,2006,6109
2023-03-13 11:57:22,6,8,2006,6109
2023-03-13 11:57:41,5,8,2006,6109
2023-03-13 11:57:41,6,8,2006,6109
2023-03-13 11:58:19,5,8,2006,6109
2023-03-13 11:58:19,6,8,2006,6109
2023-03-13 11:58:41,5,8,2006,6109
2023-03-13 11:58:41,6,8,2006,6109
2023-03-13 11:58:57,7,8,2006,6109
2023-03-13 11:59:04,7,8,2006,6113
2023-03-13 11:59:21,5,7,2009,6116
2023-03-13 11:59:23,6,7,2009,6116
2023-03-13 11:59:39,4,7,2009,6116
2023-03-13 11:59:39,5,7,2009,6116
2023-03-13 11:59:43,6,7,2009,6116
2023-03-13 11:59:47,6,7,2009,6117
2023-03-13 11:59:54,6,8,2009,6117
2023-03-13 11:59:54,6,7,2009,6117
2023-03-13 12:00:15,5,7,2013,6121
2023-03-13 12:00:15,5,6,2013,6121
2023-03-13 12:00:15,5,6,2013,6151
2023-03-13 12:00:36,4,6,2013,6151
2023-03-13 12:00:42,4,5,2013,6151
2023-03-13 12:00:57,3,5,2013,6151
2023-03-13 12:01:42,3,6,2013,6151
2023-03-13 12:01:43,3,5,2013,6151
2023-03-13 12:02:42,3,6,2013,6151
2023-03-13 12:02:42,4,6,2013,6151
2023-03-13 12:03:11,4,6,2212,6351
2023-03-13 12:03:15,6,7,2349,6492
2023-03-13 12:03:34,6,8,2349,6492
2023-03-13 12:03:35,6,7,2349,6492
2023-03-13 12:04:04,5,7,2353,6496
2023-03-13 12:04:05,4,7,2353,6496
2023-03-13 12:04:05,4,8,2353,6496
2023-03-13 12:04:05,5,8,2353,6496
2023-03-13 12:04:05,5,7,2353,6496
2023-03-13 12:04:23,5,7,2357,6500
2023-03-13 12:04:33,6,7,2357,6500
2023-03-13 12:04:43,4,7,2357,6500
2023-03-13 12:04:43,4,7,2361,6504
2023-03-13 12:04:43,4,8,2361,6504
2023-03-13 12:04:43,5,8,2361,6504
2023-03-13 12:04:43,6,8,2361,6504
2023-03-13 12:05:03,6,7,2361,6504
2023-03-13 12:05:23,6,8,2361,6504
2023-03-13 12:05:23,6,8,2357,6508
2023-03-13 12:05:41,5,8,2357,6508
2023-03-13 12:05:43,5,8,2353,6512
2023-03-13 12:05:49,5,7,2353,6512
2023-03-13 12:06:01,4,7,2353,6512
2023-03-13 12:06:02,5,7,2353,6512
2023-03-13 12:06:34,5,6,2353,6512
2023-03-13 12:06:47,5,6,2349,6516
2023-03-13 12:06:55,4,6,2349,6516
2023-03-13 12:11:06,5,6,2349,6516
2023-03-13 12:11:26,4,6,2353,6520
2023-03-13 12:11:46,4,6,2357,6524
2023-03-13 12:12:06,4,6,2361,6528
2023-03-13 12:12:26,4,5,2361,6528
2023-03-13 12:12:36,5,6,2361,6532
2023-03-13 12:12:46,4,6,2361,6532
2023-03-13 12:12:46,4,5,2361,6532
2023-03-13 12:12:49,5,6,2357,6536
2023-03-13 12:13:02,4,6,2357,6536
2023-03-13 12:13:06,4,6,2361,6540
2023-03-13 12:13:46,4,5,2361,6540
2023-03-13 12:14:06,4,6,2361,6540
2023-03-13 12:14:06,4,6,2361,6544
2023-03-13 12:14:27,4,5,2361,6544
2023-03-13 12:14:46,4,6,2361,6544
2023-03-13 12:15:06,5,6,2361,6544
2023-03-13 12:15:27,4,6,2361,6544
2023-03-13 12:15:46,4,5,2361,6544
2023-03-13 12:16:06,4,6,2361,6544
2023-03-13 12:16:46,4,5,2361,6544
2023-03-13 12:17:01,4,6,2361,6544
2023-03-13 12:17:06,4,5,2361,6544
2023-03-13 12:17:26,4,6,2361,6544
2023-03-13 12:17:46,4,5,2361,6544
2023-03-13 12:18:06,4,6,2361,6544
2023-03-13 12:19:06,5,6,2361,6544
2023-03-13 12:22:21,4,6,2361,6544
2023-03-13 12:22:26,5,6,2361,6544
2023-03-13 12:23:28,5,6,2362,6545
2023-03-13 12:24:47,6,8,2473,6656
2023-03-13 12:24:47,7,8,2473,6656
2023-03-13 12:24:47,7,13,2473,6656
2023-03-13 12:24:47,7,9,2473,6656
2023-03-13 12:25:06,7,13,2473,6656
2023-03-13 12:25:07,7,9,2473,6656
2023-03-13 12:25:26,6,10,2473,6656
2023-03-13 12:25:26,6,8,2473,6656
2023-03-13 12:25:37,6,7,2473,6656
2023-03-13 12:25:44,6,8,2473,6656
2023-03-13 12:25:44,6,7,2473,6656
2023-03-13 12:25:56,6,8,2473,6656
2023-03-13 12:25:57,6,7,2473,6656
2023-03-13 12:26:04,6,7,2473,6746
2023-03-13 12:26:06,6,7,2477,6750
2023-03-13 12:26:26,6,7,2481,6754
2023-03-13 12:26:26,6,9,2481,6754
2023-03-13 12:26:27,7,9,2481,6754
2023-03-13 12:26:27,7,8,2481,6754
2023-03-13 12:26:27,7,8,2485,6758
2023-03-13 12:26:36,6,8,2485,6758
2023-03-13 12:26:43,6,9,2485,6758
2023-03-13 12:26:43,6,10,2485,6758
2023-03-13 12:26:43,7,10,2485,6758
2023-03-13 12:26:43,7,9,2485,6758
2023-03-13 12:27:06,7,8,2485,6758
2023-03-13 12:27:23,7,9,2485,6758
2023-03-13 12:27:26,7,8,2485,6758
2023-03-13 12:27:46,7,9,2485,6758
2023-03-13 12:27:46,7,9,2481,6762
2023-03-13 12:27:47,6,9,2481,6762
2023-03-13 12:27:48,6,8,2481,6762
2023-03-13 12:28:06,6,7,2481,6762
2023-03-13 12:28:23,5,8,2481,6762
2023-03-13 12:28:23,6,8,2481,6762
2023-03-13 12:28:26,6,7,2481,6762
2023-03-13 12:28:38,5,7,2481,6762
2023-03-13 12:29:06,5,8,2481,6762
2023-03-13 12:29:06,5,6,2481,6762
2023-03-13 12:29:25,6,7,2481,6762
2023-03-13 12:29:28,5,7,2481,6762
2023-03-13 12:29:28,6,7,2481,6762
2023-03-13 12:29:46,6,8,2481,6762
2023-03-13 12:29:46,6,7,2481,6762
2023-03-13 12:30:03,5,7,2481,6762
2023-03-13 12:30:03,5,8,2481,6762
2023-03-13 12:30:07,5,6,2481,6762
2023-03-13 12:30:23,5,8,2481,6762
2023-03-13 12:30:23,6,8,2481,6762
2023-03-13 12:30:26,6,7,2481,6762
2023-03-13 12:30:31,5,7,2481,6762
2023-03-13 12:30:46,5,8,2481,6762
2023-03-13 12:30:46,5,7,2481,6762
2023-03-13 12:31:06,5,8,2481,6762
2023-03-13 12:31:06,5,7,2481,6762
2023-03-13 12:31:26,5,6,2481,6762
2023-03-13 12:31:34,6,8,2477,6766
2023-03-13 12:31:46,6,7,2477,6766
2023-03-13 12:31:50,5,7,2477,6766
2023-03-13 12:31:51,6,7,2477,6766
2023-03-13 12:32:06,6,8,2477,6766
2023-03-13 12:32:26,7,8,2477,6766
2023-03-13 12:32:38,7,9,2477,6766
2023-03-13 12:32:45,6,9,2477,6766
2023-03-13 12:32:45,7,9,2477,6766
2023-03-13 12:34:25,6,9,2477,6766
2023-03-13 12:34:26,7,9,2477,6766
2023-03-13 12:34:46,8,9,2477,6766
2023-03-13 12:35:31,7,9,2477,6766
2023-03-13 12:35:41,8,9,2477,6766
2023-03-13 12:36:34,7,9,2477,6766
2023-03-13 12:36:42,7,8,2477,6766
2023-03-13 12:36:52,6,8,2477,6766
2023-03-13 12:37:41,5,8,2477,6766
2023-03-13 12:37:46,6,8,2477,6766
2023-03-13 12:38:07,6,7,2477,6766
2023-03-13 12:38:19,5,7,2477,6766
2023-03-13 12:40:06,6,7,2477,6766
2023-03-13 12:40:24,5,7,2477,6766
2023-03-13 12:40:44,4,7,2477,6766
2023-03-13 12:40:46,5,7,2477,6766
2023-03-13 12:41:27,6,7,2477,6766
2023-03-13 12:41:29,6,8,2477,6766
2023-03-13 12:41:29,6,7,2477,6766
2023-03-13 12:41:46,5,7,2477,6766
2023-03-13 12:42:00,5,7,2477,6792
2023-03-13 12:42:00,5,7,2477,6818
2023-03-13 12:42:00,5,6,2477,6818
2023-03-13 12:42:00,5,7,2477,6818
2023-03-13 12:42:06,5,6,2477,6818
2023-03-13 12:42:18,4,6,2477,6818
2023-03-13 12:42:36,4,5,2477,6818
2023-03-13 12:42:50,4,5,2481,6822
2023-03-13 12:42:50,4,5,2485,6826
2023-03-13 12:43:43,4,6,2485,6826
2023-03-13 12:43:44,4,5,2485,6826
2023-03-13 12:44:34,4,6,2485,6826
2023-03-13 12:45:38,4,5,2485,6826
2023-03-13 12:46:29,4,6,2485,6826
2023-03-13 12:46:30,4,5,2485,6826
2023-03-13 12:46:38,4,6,2485,6826
2023-03-13 12:46:46,5,6,2485,6826
2023-03-13 12:47:22,4,6,2485,6826
2023-03-13 12:47:22,4,7,2485,6826
2023-03-13 12:47:26,5,7,2485,6826
2023-03-13 12:47:46,5,7,2489,6830
2023-03-13 12:47:52,6,7,2489,6830
2023-03-13 12:48:02,6,8,2489,6830
2023-03-13 12:48:26,6,9,2489,6830
2023-03-13 12:48:26,6,8,2489,6830
2023-03-13 12:48:57,7,8,2489,6830
2023-03-13 12:49:09,8,9,2633,6978
2023-03-13 12:49:13,8,10,2633,7519
2023-03-13 12:49:14,8,9,2633,7519
2023-03-13 12:49:26,8,10,2633,7578
2023-03-13 12:49:34,9,10,2633,7578
2023-03-13 12:49:44,7,10,2633,7578
2023-03-13 12:49:44,7,11,2633,7578
2023-03-13 12:49:45,8,11,2633,7578
2023-03-13 12:49:45,8,10,2633,7578
2023-03-13 12:49:47,8,9,2633,7578
2023-03-13 12:49:53,7,9,2633,7578
2023-03-13 12:49:53,8,9,2633,7578
2023-03-13 12:49:59,7,9,2633,7578
2023-03-13 12:50:00,8,9,2633,7578
2023-03-13 12:50:06,9,10,2633,7578
2023-03-13 12:50:21,8,10,2633,7578
2023-03-13 12:50:21,8,11,2633,7578
2023-03-13 12:50:21,10,11,2633,7578
2023-03-13 12:50:28,9,11,2633,7578
2023-03-13 12:50:28,10,11,2633,7578
2023-03-13 12:50:46,10,11,2629,7582
2023-03-13 12:50:50,8,11,2629,7582
2023-03-13 12:50:51,9,11,2629,7582
2023-03-13 12:50:51,10,11,2629,7582
2023-03-13 12:51:26,9,11,2629,7582
2023-03-13 12:51:26,10,11,2629,7582
2023-03-13 12:51:33,9,11,2629,7582
2023-03-13 12:51:33,10,11,2629,7582
2023-03-13 12:51:41,9,11,2629,7582
2023-03-13 12:51:41,8,11,2629,7582
2023-03-13 12:51:41,10,11,2629,7582
2023-03-13 12:51:41,11,12,2629,7710
2023-03-13 12:51:55,10,12,2629,7710
2023-03-13 12:52:05,11,12,2629,7710
2023-03-13 12:52:20,10,12,2629,7710
2023-03-13 12:53:53,10,11,2629,7710
2023-03-13 12:53:57,10,11,2629,7787
2023-03-13 12:54:07,10,11,2628,7791
2023-03-13 12:54:15,10,11,2628,7855
2023-03-13 12:54:17,10,11,2428,8055
2023-03-13 12:54:18,9,11,2428,8055
2023-03-13 12:54:18,8,11,2428,8055
2023-03-13 12:54:18,8,10,2428,8055
2023-03-13 12:54:26,8,9,2428,8055
2023-03-13 12:54:30,7,9,2428,8055
2023-03-13 12:54:45,8,9,2428,8055
2023-03-13 12:54:54,8,10,2428,8055
2023-03-13 12:54:55,8,9,2428,8055
2023-03-13 12:55:04,8,10,2428,8055
2023-03-13 12:55:04,8,9,2428,8055
2023-03-13 12:55:07,8,9,2429,8059
2023-03-13 12:55:18,8,10,2429,8059
2023-03-13 12:55:18,8,11,2429,8059
2023-03-13 12:55:19,8,9,2429,8059
2023-03-13 12:55:28,8,10,2429,8059
2023-03-13 12:55:29,8,9,2429,8059
2023-03-13 12:55:45,7,9,2429,8059
2023-03-13 12:56:26,8,10,2429,8059
2023-03-13 12:56:26,8,11,2429,8059
2023-03-13 12:56:27,8,9,2429,8059
2023-03-13 12:56:35,8,9,2429,8183
2023-03-13 12:56:43,6,9,2429,8183
2023-03-13 12:56:46,5,9,2429,8183
2023-03-13 12:56:46,5,10,2429,8183
2023-03-13 12:56:46,5,9,2429,8183
2023-03-13 12:56:46,8,9,2429,8183
2023-03-13 12:56:46,8,10,2429,8183
2023-03-13 12:56:47,8,9,2429,8183
2023-03-13 12:56:47,6,8,2433,8187
2023-03-13 12:56:54,5,8,2433,8187
2023-03-13 12:56:54,5,10,2433,8187
2023-03-13 12:56:54,6,10,2433,8187
2023-03-13 12:56:54,7,10,2433,8187
2023-03-13 12:56:55,7,9,2433,8187
2023-03-13 12:57:25,8,9,2433,8187
2023-03-13 12:57:45,8,10,2433,8187
2023-03-13 12:57:46,9,10,2433,8187
2023-03-13 12:58:21,8,10,2433,8187
2023-03-13 12:58:21,8,12,2433,8187
2023-03-13 12:58:22,9,12,2433,8187
2023-03-13 12:58:22,9,11,2433,8187
2023-03-13 12:58:27,9,10,2433,8187
2023-03-13 12:58:37,8,10,2433,8187
2023-03-13 12:58:37,9,10,2433,8187
2023-03-13 12:58:41,9,11,2433,8187
2023-03-13 12:58:50,10,11,2433,8187
2023-03-13 12:59:04,10,12,2433,8187
2023-03-13 12:59:07,10,11,2433,8187
2023-03-13 12:59:15,9,11,2433,8187
2023-03-13 12:59:26,9,10,2433,8187
2023-03-13 12:59:44,9,12,2433,8187
2023-03-13 12:59:44,7,12,2433,8187
2023-03-13 12:59:44,8,12,2433,8187
2023-03-13 12:59:44,9,12,2433,8187
2023-03-13 12:59:44,9,11,2433,8187
2023-03-13 12:59:47,9,10,2433,8187
2023-03-13 13:00:02,9,11,2433,8187
2023-03-13 13:00:07,9,10,2433,8187
2023-03-13 13:00:27,9,11,2433,8187
2023-03-13 13:00:27,9,10,2433,8187
2023-03-13 13:00:36,8,10,2433,8187
2023-03-13 13:00:37,9,10,2433,8187
2023-03-13 13:00:46,9,11,2433,8187
2023-03-13 13:01:07,9,12,2433,8187
2023-03-13 13:01:07,9,11,2433,8187
2023-03-13 13:01:26,9,12,2433,8187
2023-03-13 13:01:27,9,11,2433,8187
2023-03-13 13:01:31,10,11,2433,8187
2023-03-13 13:01:43,10,12,2433,8187
2023-03-13 13:01:43,11,12,2433,8187
2023-03-13 13:01:47,10,12,2433,8187
2023-03-13 13:01:48,11,12,2433,8187
2023-03-13 13:01:50,12,13,2429,8191
2023-03-13 13:02:01,11,13,2429,8191
2023-03-13 13:02:01,10,13,2429,8191
2023-03-13 13:02:01,9,15,2429,8191
2023-03-13 13:02:01,12,15,2429,8191
2023-03-13 13:02:01,12,14,2429,8191
2023-03-13 13:02:26,12,13,2429,8191
2023-03-13 13:02:27,11,13,2429,8191
2023-03-13 13:02:28,12,13,2429,8191
2023-03-13 13:02:28,13,15,2428,8195
2023-03-13 13:02:28,13,15,2428,8199
2023-03-13 13:02:28,13,14,2428,8199
2023-03-13 13:02:28,13,15,2428,8199
2023-03-13 13:02:29,13,15,2428,8244
2023-03-13 13:02:29,12,13,2428,8250
2023-03-13 13:02:35,11,15,2428,8545
2023-03-13 13:02:36,11,14,2428,8545
2023-03-13 13:02:37,12,14,2428,8545
2023-03-13 13:03:26,13,14,2428,8545
2023-03-13 13:03:46,11,14,2428,8545
2023-03-13 13:03:46,12,14,2428,8545
2023-03-13 13:03:57,11,14,2429,8549
2023-03-13 13:03:58,10,14,2429,8549
2023-03-13 13:03:58,9,14,2429,8549
2023-03-13 13:03:59,11,14,2429,8549
2023-03-13 13:03:59,11,13,2429,8549
2023-03-13 13:04:07,12,13,2429,8549
2023-03-13 13:04:07,11,12,2433,8553
2023-03-13 13:04:20,11,13,2433,8553
2023-03-13 13:04:20,10,13,2433,8553
2023-03-13 13:04:20,7,13,2433,8553
2023-03-13 13:04:20,7,14,2433,8553
2023-03-13 13:04:20,7,13,2433,8553
2023-03-13 13:04:20,7,14,2433,8553
2023-03-13 13:04:20,8,14,2433,8553
2023-03-13 13:04:20,9,14,2433,8553
2023-03-13 13:04:21,9,12,2433,8553
2023-03-13 13:04:21,10,12,2433,8553
2023-03-13 13:04:27,10,11,2433,8553
2023-03-13 13:04:47,10,12,2433,8553
2023-03-13 13:04:47,10,11,2433,8553
2023-03-13 13:04:51,11,13,2429,8557
2023-03-13 13:05:21,10,14,2429,8557
2023-03-13 13:05:21,11,14,2429,8557
2023-03-13 13:05:21,11,13,2429,8557
2023-03-13 13:06:46,7,13,2429,8557
2023-03-13 13:06:46,7,14,2429,8557
2023-03-13 13:06:46,10,14,2429,8557
2023-03-13 13:06:46,11,14,2429,8557
2023-03-13 13:06:46,11,13,2429,8557
2023-03-13 13:07:02,11,12,2429,8557
2023-03-13 13:07:06,11,13,2429,8557
2023-03-13 13:07:06,12,13,2429,8557
2023-03-13 13:07:07,12,14,2429,8557
2023-03-13 13:07:07,12,13,2429,8557
2023-03-13 13:07:08,12,13,2433,8576
2023-03-13 13:07:12,11,13,2433,8576
2023-03-13 13:07:12,12,13,2433,8576
2023-03-13 13:07:13,12,13,2433,8642
2023-03-13 13:07:14,12,13,2433,8708
2023-03-13 13:07:23,12,13,2433,8795
2023-03-13 13:07:26,12,13,2437,8799
2023-03-13 13:07:29,12,13,2437,8803
2023-03-13 13:07:29,12,13,2437,8807
2023-03-13 13:07:32,12,13,2437,8820
2023-03-13 13:07:34,12,13,2437,8863
2023-03-13 13:08:01,9,13,2437,8863
2023-03-13 13:08:01,9,14,2437,8863
2023-03-13 13:08:02,11,14,2437,8863
2023-03-13 13:08:03,13,14,2437,8863
2023-03-13 13:08:04,13,14,2437,8968
2023-03-13 13:08:04,12,13,2437,8991
2023-03-13 13:08:07,12,14,2437,8991
2023-03-13 13:08:07,12,14,2433,8995
2023-03-13 13:08:19,12,13,2433,8995
2023-03-13 13:08:27,12,13,2429,8999
2023-03-13 13:08:31,11,13,2429,8999
2023-03-13 13:08:31,10,13,2429,8999
2023-03-13 13:08:31,12,13,2429,8999
2023-03-13 13:08:31,12,13,2429,9030
2023-03-13 13:08:46,12,13,2429,9048
2023-03-13 13:08:47,12,13,2428,9052
2023-03-13 13:09:07,12,13,2428,9056
2023-03-13 13:09:20,12,13,2428,9139
2023-03-13 13:09:21,12,13,2428,9188
2023-03-13 13:09:25,12,13,2228,9388
2023-03-13 13:09:26,12,13,2228,9475
2023-03-13 13:09:27,11,12,2228,9481
2023-03-13 13:09:27,11,12,2228,9485
2023-03-13 13:09:30,8,12,2228,9485
2023-03-13 13:09:31,10,12,2228,9485
2023-03-13 13:09:37,10,13,2228,9485
2023-03-13 13:09:39,10,12,2228,9485
2023-03-13 13:09:47,10,12,2229,9489
2023-03-13 13:10:24,8,12,2229,9489
2023-03-13 13:10:26,9,12,2229,9489
2023-03-13 13:10:26,9,11,2229,9489
2023-03-13 13:10:27,10,11,2229,9489
2023-03-13 13:10:38,8,10,2233,9493
2023-03-13 13:10:47,8,10,2237,9497
2023-03-13 13:10:56,9,10,2237,9497
2023-03-13 13:11:07,9,10,2241,9501
2023-03-13 13:11:27,9,10,2237,9505
2023-03-13 13:11:34,7,10,2237,9505
2023-03-13 13:11:34,8,10,2237,9505
2023-03-13 13:11:34,9,10,2237,9505
2023-03-13 13:11:47,9,10,2233,9509
2023-03-13 13:12:15,9,11,2233,9589
2023-03-13 13:12:24,9,12,2233,9589
2023-03-13 13:12:25,9,13,2233,9589
2023-03-13 13:12:25,9,12,2233,9589
2023-03-13 13:12:27,9,11,2233,9589
2023-03-13 13:12:41,9,12,2233,9589
2023-03-13 13:12:42,9,11,2233,9589
2023-03-13 13:12:47,9,11,2229,9593
2023-03-13 13:12:55,8,11,2229,9593
2023-03-13 13:12:55,7,11,2229,9593
2023-03-13 13:12:55,7,12,2229,9593
2023-03-13 13:12:56,8,12,2229,9593
2023-03-13 13:12:56,8,10,2229,9593
2023-03-13 13:13:26,8,11,2229,9593
2023-03-13 13:13:26,8,10,2229,9593
2023-03-13 13:13:26,9,10,2229,9593
2023-03-13 13:13:41,8,10,2229,9593
2023-03-13 13:13:46,9,10,2229,9593
2023-03-13 13:14:06,9,10,2233,9597
2023-03-13 13:14:27,9,10,2237,9601
2023-03-13 13:14:34,9,12,2237,9601
2023-03-13 13:14:35,9,11,2237,9601
2023-03-13 13:14:45,7,11,2237,9601
2023-03-13 13:14:45,5,11,2237,9601
2023-03-13 13:14:45,5,12,2237,9601
2023-03-13 13:14:46,8,12,2237,9601
2023-03-13 13:14:46,9,12,2237,9601
2023-03-13 13:14:47,9,10,2237,9601
2023-03-13 13:14:54,8,10,2237,9601
2023-03-13 13:14:55,9,10,2237,9601
2023-03-13 13:15:06,9,11,2237,9601
2023-03-13 13:15:07,9,11,2233,9605
2023-03-13 13:15:22,8,11,2233,9605
2023-03-13 13:15:22,8,12,2233,9605
2023-03-13 13:15:22,9,12,2233,9605
2023-03-13 13:15:22,9,11,2233,9605
2023-03-13 13:15:34,10,11,2233,9605
2023-03-13 13:15:41,9,11,2233,9605
2023-03-13 13:15:41,8,11,2233,9605
2023-03-13 13:15:41,7,11,2233,9605
2023-03-13 13:15:42,10,12,2233,9605
2023-03-13 13:15:47,10,11,2233,9605
2023-03-13 13:15:55,9,11,2233,9605
2023-03-13 13:15:55,10,11,2233,9605
2023-03-13 13:16:07,10,12,2233,9605
2023-03-13 13:16:08,10,11,2233,9605
2023-03-13 13:16:22,10,12,2233,9605
2023-03-13 13:16:27,10,11,2233,9605
2023-03-13 13:16:27,10,11,2229,9609
2023-03-13 13:16:31,8,11,2229,9609
2023-03-13 13:16:31,7,11,2229,9609
2023-03-13 13:16:32,9,11,2229,9609
2023-03-13 13:16:37,9,10,2229,9609
2023-03-13 13:16:47,9,10,2228,9613
2023-03-13 13:17:09,9,11,2228,9613
2023-03-13 13:17:10,9,10,2228,9613
2023-03-13 13:17:10,7,9,2229,9617
2023-03-13 13:17:10,7,8,2229,9617
2023-03-13 13:17:27,7,8,2233,9621
2023-03-13 13:17:46,7,8,2237,9625
2023-03-13 13:18:05,7,10,2237,9625
2023-03-13 13:18:06,7,9,2237,9625
2023-03-13 13:18:06,7,8,2237,9625
2023-03-13 13:18:20,8,9,2264,9656
2023-03-13 13:18:26,7,9,2264,9656
2023-03-13 13:18:27,7,8,2264,9656
2023-03-13 13:18:28,8,9,2260,9660
2023-03-13 13:18:35,7,9,2260,9660
2023-03-13 13:18:37,8,9,2260,9660
2023-03-13 13:19:26,9,10,2260,9660
2023-03-13 13:19:43,8,10,2260,9660
2023-03-13 13:19:47,9,10,2260,9660
2023-03-13 13:20:17,9,11,2260,9660
2023-03-13 13:20:18,9,10,2260,9660
2023-03-13 13:20:37,9,11,2260,9660
2023-03-13 13:21:07,8,11,2260,9660
2023-03-13 13:21:07,8,10,2260,9660
2023-03-13 13:21:21,10,11,2259,9664
2023-03-13 13:21:25,9,11,2259,9664
2023-03-13 13:21:25,9,13,2259,9664
2023-03-13 13:21:25,9,12,2259,9664
2023-03-13 13:21:26,9,11,2259,9664
2023-03-13 13:21:27,9,11,2260,9668
2023-03-13 13:21:39,9,12,2260,9668
2023-03-13 13:21:39,9,13,2260,9668
2023-03-13 13:21:40,10,13,2260,9668
2023-03-13 13:21:40,10,12,2260,9668
2023-03-13 13:22:26,10,13,2260,9668
2023-03-13 13:22:27,11,13,2260,9668
2023-03-13 13:22:27,11,12,2260,9668
2023-03-13 13:22:34,11,13,2260,9668
2023-03-13 13:22:42,10,13,2260,9668
2023-03-13 13:22:42,11,13,2260,9668
2023-03-13 13:22:47,11,12,2260,9668
2023-03-13 13:22:56,10,12,2260,9668
2023-03-13 13:23:24,9,12,2260,9668
2023-03-13 13:23:25,10,12,2260,9668
2023-03-13 13:23:27,10,11,2260,9668
2023-03-13 13:23:32,9,11,2260,9668
2023-03-13 13:23:45,9,12,2260,9668
2023-03-13 13:23:45,9,11,2260,9668
2023-03-13 13:23:47,10,11,2260,9668
2023-03-13 13:23:55,10,12,2260,9668
2023-03-13 13:23:55,10,11,2260,9668
2023-03-13 13:24:23,9,11,2260,9668
2023-03-13 13:24:23,9,12,2260,9668
2023-03-13 13:24:23,10,12,2260,9668
2023-03-13 13:24:47,11,12,2260,9668
2023-03-13 13:24:48,11,13,2260,9668
2023-03-13 13:24:48,11,12,2260,9668
2023-03-13 13:25:19,11,13,2260,9668
2023-03-13 13:25:20,11,12,2260,9668
2023-03-13 13:25:47,11,13,2260,9668
2023-03-13 13:26:04,11,14,2260,9668
2023-03-13 13:26:04,11,13,2260,9668
2023-03-13 13:26:06,12,13,2260,9668
2023-03-13 13:26:17,12,14,2260,9668
2023-03-13 13:26:28,12,13,2260,9668
2023-03-13 13:26:34,11,12,2264,9672
2023-03-13 13:26:43,11,13,2264,9672
2023-03-13 13:26:43,11,12,2264,9672
2023-03-13 13:26:47,11,12,2260,9676
2023-03-13 13:27:05,10,12,2260,9676
2023-03-13 13:27:05,9,12,2260,9676
2023-03-13 13:27:05,9,11,2260,9676
2023-03-13 13:27:07,10,11,2260,9676
2023-03-13 13:27:26,10,11,2264,9680
2023-03-13 13:27:27,7,11,2264,9680
2023-03-13 13:27:27,7,12,2264,9680
2023-03-13 13:27:27,7,13,2264,9680
2023-03-13 13:27:28,8,13,2264,9680
2023-03-13 13:27:28,9,13,2264,9680
2023-03-13 13:27:28,10,13,2264,9680
2023-03-13 13:27:28,10,12,2264,9680
2023-03-13 13:27:39,10,13,2264,9680
2023-03-13 13:27:39,10,12,2264,9680
2023-03-13 13:27:49,11,12,2264,9680
2023-03-13 13:28:30,10,12,2264,9680
2023-03-13 13:28:31,11,12,2264,9680
2023-03-13 13:28:46,11,13,2264,9680
2023-03-13 13:28:47,11,13,2260,9684
2023-03-13 13:28:57,9,13,2260,9684
2023-03-13 13:28:58,10,13,2260,9684
2023-03-13 13:28:58,10,12,2260,9684
2023-03-13 13:29:06,11,12,2260,9684
2023-03-13 13:29:18,9,11,2264,9688
2023-03-13 13:29:27,10,11,2264,9688
2023-03-13 13:29:47,9,11,2264,9688
2023-03-13 13:31:01,8,11,2264,9688
2023-03-13 13:31:07,9,11,2264,9688
2023-03-13 13:31:19,9,10,2264,9688
2023-03-13 13:31:27,8,10,2264,9688
2023-03-13 13:31:47,9,10,2264,9688
2023-03-13 13:32:15,9,11,2264,9688
2023-03-13 13:33:26,7,11,2264,9688
2023-03-13 13:33:26,7,13,2264,9688
2023-03-13 13:33:27,8,13,2264,9688
2023-03-13 13:33:27,9,13,2264,9688
2023-03-13 13:33:27,9,12,2264,9688
2023-03-13 13:33:27,9,11,2264,9688
2023-03-13 13:33:39,10,11,2264,9688
2023-03-13 13:33:46,10,12,2264,9688
2023-03-13 13:33:46,10,11,2264,9688
2023-03-13 13:34:05,10,12,2264,9688
2023-03-13 13:34:05,10,13,2264,9688
2023-03-13 13:34:05,10,12,2264,9688
2023-03-13 13:34:34,11,12,2264,9688
2023-03-13 13:34:46,11,13,2264,9688
2023-03-13 13:34:46,10,13,2264,9688
2023-03-13 13:34:46,10,14,2264,9688
2023-03-13 13:34:47,10,12,2264,9688
2023-03-13 13:34:47,11,12,2264,9688
2023-03-13 13:35:06,11,13,2264,9688
2023-03-13 13:35:22,11,14,2264,9688
2023-03-13 13:35:22,9,14,2264,9688
2023-03-13 13:35:22,10,14,2264,9688
2023-03-13 13:35:23,12,14,2264,9688
2023-03-13 13:35:27,12,13,2264,9688
2023-03-13 13:35:43,12,14,2264,9769
2023-03-13 13:35:43,10,14,2264,9769
2023-03-13 13:35:43,7,14,2264,9769
2023-03-13 13:35:43,8,14,2264,9769
2023-03-13 13:35:43,9,14,2264,9769
2023-03-13 13:35:43,10,14,2264,9769
2023-03-13 13:35:43,10,12,2264,9769
2023-03-13 13:35:53,10,11,2264,9769
2023-03-13 13:36:05,9,11,2264,9769
2023-03-13 13:36:07,10,11,2264,9769
2023-03-13 13:36:13,9,10,2264,9773
2023-03-13 13:36:18,8,11,2264,9773
2023-03-13 13:36:18,8,12,2264,9773
2023-03-13 13:36:18,9,12,2264,9773
2023-03-13 13:36:18,9,11,2264,9773
2023-03-13 13:36:27,9,11,2260,9777
2023-03-13 13:36:36,7,11,2260,9777
2023-03-13 13:36:36,7,12,2260,9777
2023-03-13 13:36:36,7,10,2260,9777
2023-03-13 13:36:36,7,9,2260,9777
2023-03-13 13:37:26,7,8,2260,9777
2023-03-13 13:37:44,5,8,2260,9777
2023-03-13 13:37:44,5,9,2260,9777
2023-03-13 13:37:44,5,10,2260,9777
2023-03-13 13:37:45,5,7,2260,9777
2023-03-13 13:37:50,6,7,2260,9777
2023-03-13 13:38:22,6,9,2260,9777
2023-03-13 13:38:22,6,7,2260,9777
2023-03-13 13:38:22,6,7,2260,9805
2023-03-13 13:38:42,6,7,2260,9861
2023-03-13 13:38:42,5,6,2260,9905
2023-03-13 13:39:25,5,6,2260,9906
2023-03-13 13:43:27,5,6,2264,9910
2023-03-13 13:47:27,5,6,2264,9977
2023-03-13 13:47:27,4,5,2268,9993
2023-03-13 13:47:27,5,6,2268,10020
2023-03-13 13:47:30,4,6,2268,10020
2023-03-13 13:47:31,5,6,2268,10020
2023-03-13 13:47:43,4,6,2268,10020
2023-03-13 13:47:44,5,6,2268,10020
2023-03-13 13:47:50,4,6,2268,10020
2023-03-13 13:47:51,5,6,2268,10020
2023-03-13 13:48:26,4,6,2268,10020
2023-03-13 13:48:26,5,6,2268,10020
2023-03-13 13:48:48,4,6,2268,10020
2023-03-13 13:48:49,5,6,2268,10020
2023-03-13 13:49:21,4,6,2268,10020
2023-03-13 13:49:27,4,5,2268,10020
2023-03-13 13:49:27,5,6,2264,10024
2023-03-13 13:49:40,4,6,2264,10024
2023-03-13 13:49:40,5,6,2264,10024
2023-03-13 13:50:27,4,6,2264,10024
2023-03-13 13:50:28,5,6,2264,10024
2023-03-13 13:51:25,4,6,2264,10024
2023-03-13 13:51:25,5,6,2264,10024
2023-03-13 13:52:27,4,6,2264,10024
2023-03-13 13:52:47,5,6,2264,10024
2023-03-13 13:53:41,4,6,2264,10024
2023-03-13 13:53:41,5,6,2264,10024
2023-03-13 13:54:06,4,6,2264,10024
2023-03-13 13:54:06,5,6,2264,10024
2023-03-13 13:54:07,5,6,2260,10028
2023-03-13 13:55:07,4,6,2264,10032
2023-03-13 13:55:27,5,6,2264,10032
2023-03-13 13:55:45,4,5,2264,10032
2023-03-13 13:55:46,4,6,2264,10032
2023-03-13 13:55:57,4,5,2264,10032
2023-03-13 13:56:19,4,5,2277,10054
2023-03-13 13:56:28,4,5,2277,10085
2023-03-13 13:56:42,4,6,2277,10085
2023-03-13 13:56:43,4,5,2277,10085
2023-03-13 13:58:02,3,5,2277,10173
2023-03-13 13:58:24,3,5,2278,10174
2023-03-13 13:59:21,3,6,2278,10174
2023-03-13 13:59:22,3,5,2278,10174
2023-03-13 13:59:45,3,4,2278,10174
2023-03-13 14:01:16,3,4,2406,10302
2023-03-13 14:01:16,3,4,2534,10430
2023-03-13 14:01:47,3,4,2534,10434
2023-03-13 14:02:38,2,3,2643,10543
2023-03-13 14:02:47,2,3,2643,10597
2023-03-13 14:02:47,1,2,2647,10675
2023-03-13 14:02:47,1,2,2680,10708
2023-03-13 14:02:47,1,2,2766,10794
2023-03-13 14:02:55,2,3,2766,10802
2023-03-13 14:05:46,1,3,2809,10922
2023-03-13 14:08:21,1,3,2809,11121
2023-03-13 14:08:21,2,3,2809,11121
2023-03-13 14:08:28,2,3,2915,11341
2023-03-13 14:08:34,2,3,2959,11385
2023-03-13 14:09:19,1,3,2959,11385
2023-03-13 14:09:20,1,3,3064,11490
2023-03-13 14:09:20,2,3,3064,11490
2023-03-13 14:09:48,1,3,3064,11490
2023-03-13 14:09:49,1,3,3131,11557
2023-03-13 14:09:49,2,3,3131,11557
2023-03-13 14:10:15,1,3,3131,11557
2023-03-13 14:10:15,2,3,3131,11557
2023-03-13 14:10:29,1,3,3131,11557
2023-03-13 14:10:30,2,3,3131,11557
2023-03-13 14:10:49,1,3,3131,11557
2023-03-13 14:11:50,2,3,3131,11557
2023-03-13 14:12:34,1,3,3131,11557
2023-03-13 14:12:34,2,3,3131,11557
2023-03-13 14:12:50,1,3,3131,11557
2023-03-13 14:19:11,1,2,3131,11557
2023-03-13 14:19:17,1,3,3131,11557
2023-03-13 14:19:17,1,3,3135,11561
2023-03-13 14:20:09,1,3,3175,11601
2023-03-13 14:20:09,1,3,3215,11641
2023-03-13 14:24:46,1,2,3215,11641
2023-03-13 14:24:49,1,3,3215,11641
2023-03-13 14:25:20,1,2,3215,11641
2023-03-13 14:25:20,1,2,3228,11654
2023-03-13 14:25:20,1,3,3228,11654
2023-03-13 14:34:05,1,3,3228,11658
2023-03-13 14:36:06,1,2,3228,11658
2023-03-13 14:36:06,1,2,3228,11838
2023-03-13 14:36:07,1,3,3228,11838
2023-03-13 14:36:07,1,3,3228,11840
2023-03-13 14:38:09,1,2,3228,11840
2023-03-13 14:38:09,1,2,3228,11874
2023-03-13 14:38:10,1,3,3228,11874
2023-03-13 14:38:10,1,2,3228,11874
2023-03-13 14:38:11,1,3,3228,11874
2023-03-13 14:38:11,1,2,3228,11874
2023-03-13 14:38:11,0,1,3228,11882
2023-03-13 15:26:08,0,1,3528,12182
2023-03-13 15:43:27,0,1,3528,12184
